1804 3121
458 193 689 240 LIBER
738 191 872 235 XLII.
923 189 1081 235 CAP.
1127 192 1267 237 LVII.

175 311 395 362 nuncium,
416 310 599 366 praetoris
621 308 767 360 verbis,
789 309 859 365 qui
881 306 1089 350 abscedere
1103 322 1200 349 eum
1214 310 1307 351 inde
1323 310 1504 367 juberet,

174 369 292 411 milit.
324 370 568 410 Boeotorum
599 370 834 425 juventute,
863 380 954 423 quae
974 381 1066 422 pars
1088 381 1182 408 cum
1205 367 1403 412 Romanis
1426 371 1502 414 ssa-

173 425 256 475 bat,
277 441 365 468 eam
389 442 472 469 rem
500 428 702 484 aggrefl‘us
722 428 880 483 legatus
915 427 991 479 (ι),
1026 440 1048 466 a
1071 424 1277 466 moenibus
1307 426 1496 471 abscessit.

168 483 272 526 Haec
311 487 440 527 soluta
473 486 625 528 obfidio
665 488 803 527 locum
836 483 951 526 alteri
997 497 1112 526 novae
1145 483 1341 525 obsidioni
1369 487 1491 528 dedit.

168 556 346 598 namque
367 546 574 600 extemplo
600 547 657 586 M.
675 544 890 586 Lucretius
916 555 1014 583 cum
1040 543 1222 584 exercitu
1243 543 1388 593 navali,
1422 546 1492 585 de-

167 614 257 642 cem
279 603 457 644 millibus
477 614 741 652 armatorum,
781 604 833 643 ad
856 602 934 643 hoc
964 600 1125 642 duobus
1155 601 1334 642 millibus
1361 603 1493 658 regio-

167 672 258 700 rum
275 663 353 714 (2)‚
374 662 445 715 qui
468 661 538 703 sub
563 661 764 703 Athenaeo
785 669 917 712 erant,
949 659 1185 700 Haliartum
1206 660 1462 701 circumsedit
1480 678 1494 703 ;

164 719 482 774 parantibusque
517 721 602 777 jam
623 733 878 775 oppugnare,
913 718 1141 772 supervenit
1164 734 1184 759 a
1206 718 1356 759 Creusa
1387 733 1491 774 prae-

165 785 241 816 tor.
307 779 372 818 Ad
398 779 506 820 idern
528 778 612 820 fere
641 789 801 833 tempus
825 781 864 819 δε
889 777 938 818 ab
971 776 1086 817 sociis
1107 790 1229 829 nave}
1250 776 1489 819 Chalcidem

164 847 468 878 convenerunt:
499 838 590 878 dure
621 837 789 878 Punicae
815 836 1144 890 quinqueremes,
1165 837 1258 876 duae
1280 836 1328 876 ab
1356 835 1490 877 Hera-

163 892 252 933 clea
288 908 341 936 ex
379 896 510 936 Ponto
547 897 745 944 triremes,
784 905 962 949 quatuor
999 892 1276 944 Chalcedone,
1317 895 1489 936 totidem

163 950 303 1002 Samo,
326 963 414 993 tum
436 954 619 1009 quinque
643 953 819 994 Rhodiae
840 952 1135 1008 quadriremes.
1200 955 1367 1002 Praetor,
1390 954 1487 1006 quia

162 1009 362 1064 nusquam
383 1023 468 1053 erat
499 1012 749 1053 maritimum
784 1011 953 1060 bellum,
991 1015 1006 1060 Η
1032 1011 1181 1051 remifit
1213 1011 1344 1052 sociis.
1367 1015 1407 1053 δε
1426 1011 1499 1071 Q

160 1066 346 1110 Marcius
377 1070 614 1112 Chalcidem
648 1070 817 1112 navibus
839 1071 964 1118 venit,
1000 1070 1132 1123 Alope
1154 1069 1299 1124 capita,
1319 1069 1486 1122 Larissa,

162 1140 256 1180 quae
278 1127 483 1170 Cremaste
505 1130 670 1180 dicitur,
705 1126 952 1185 oppugnata.
1018 1128 1163 1186 Qum
1196 1128 1260 1168 hic
1298 1127 1421 1168 flatus
1442 1129 1486 1168 in

163 1183 327 1227 Boeotia
359 1187 467 1237 esset,
502 1188 685 1238 Perseus,
726 1202 855 1241 quum
892 1188 944 1227 ad
983 1187 1201 1242 Sycurium
1239 1186 1357 1243 (ficut
1391 1184 1484 1227 ante

165 1242 326 1284 dictum
359 1245 434 1300 est)
467 1246 607 1287 stativa
637 1245 819 1297 haberet,
840 1244 1048 1286 frumento
1081 1245 1261 1298 undique
1293 1243 1399 1284 circa
1431 1258 1483 1286 ex

162 1301 270 1357 agris
299 1305 513 1353 εοηνεξὶο,
554 1305 604 1345 ad
636 1304 872 1344 vastandum
896 1318 1038 1359 agrum
1058 1303 1323 1343 Pheraeorum
1345 1302 1481 1344 misit:

164 1370 275 1401 ratus
297 1363 343 1402 ad
371 1363 573 1417 juvandas
624 1361 826 1403 sociorum
871 1362 989 1402 urbes
1040 1361 1203 1416 longius
1245 1359 1296 1400 ab
1344 1361 1483 1400 castris

165 1417 388 1460 abstraecos
429 1420 679 1474 deprehendi
726 1420 940 1460 Romanos
982 1418 1106 1473 poffe.
1187 1417 1305 1476 Qos
1351 1432 1484 1472 quum.

159 1489 212 1516 eo
247 1479 426 1518 tumultu
467 1477 568 1518 nihil
598 1487 731 1519 motos
772 1477 1125 1529 animadvertiffet,
1164 1477 1345 1530 pr‘aedam
1391 1477 1485 1529 qui-

160 1534 256 1575 dem
274 1538 352 1593 (3),
386 1547 656 1590 praeterquam
678 1536 911 1586 hominum,
951 1539 1115 1590 (pecora
1147 1544 1283 1574 autem
1303 1535 1482 1576 maxime

161 1594 295 1635 omnis
315 1595 473 1649 generis
490 1594 622 1651 fuere)
649 1594 780 1634 divisit
801 1595 849 1634 ad
867 1595 1117 1648 epulandum
1139 1593 1349 1634 militibus.

1651 211 1731 255 ⁴99

219 1652 352 1694 LVII.
385 1652 470 1694 Sub
489 1653 596 1693 idem
619 1654 764 1694 deinde
797 1662 958 1707 tempus
980 1652 1192 1694 confilium
1218 1653 1255 1692 8<
1280 1651 1417 1692 consul
1439 1655 1476 1693 ἀ
1499 1651 1621 1693 Pfrsew
1638 1654 1668 1684 in

162 1723 232 1750 rex
266 1711 512 1761 habuerunt,
543 1712 651 1752 unde
682 1711 833 1752 bellum
857 1716 874 1766 §
894 1711 1136 1752 ordirentur.
1199 1709 1330 1765 Regis
1350 1715 1375 1761 4
1395 1725 1480 1751 cre-

162 1781 307 1810 verunt
338 1772 401 1826 (t)
425 1771 546 1811 animi
568 1770 787 1811 vastatione
810 1771 993 1811 concessa
1015 1769 1085 1811 fibi
1116 1767 1166 1810 ab
1186 1767 1301 1809 hoste
1323 1768 1481 1810 Pheraei

161 1828 259 1883 agri.
285 1828 419 1883 itaque
441 1831 622 1869 eundum
645 1829 738 1869 inde
751 1830 801 1869 ad
815 1828 955 1879 castra,
973 1843 1047 1870 nec
1069 1828 1250 1869 dandum
1273 1828 1379 1868 ultra
1394 1827 1483 1882 spa-

161 1887 264 1927 tium
288 1887 526 1936 cunftandi‚
549 1887 750 1929 censebat.
811 1887 864 1928 Et
891 1887 1072 1928 Romani
1101 1885 1332 1935 censebant,
1354 1900 1482 1927 cunc-

163 1946 358 1986 tationem
379 1946 490 1986 suam
508 1946 706 1986 infamem
727 1947 835 2000 apud
858 1945 985 1988 socios
1007 1946 1097 1995 effe,
1119 1944 1394 1999 maximopere
1417 1944 1482 1985 in-

161 2004 283 2059 digne
303 2003 498 2056 ferentes,
519 2019 602 2045 non
625 2005 748 2046 latam
765 2004 942 2045 Pheraeis
959 2019 1096 2059 opem.
1127 2002 1480 2053 Consultantibus,

159 2063 260 2117 quid
283 2073 461 2118 agerent,
482 2064 666 2118 (aderant
686 2075 821 2104 autem
843 2063 1048 2103 Eumenes
1072 2065 1110 2103 ὅτ
1136 2062 1300 2102 Attalus
1321 2062 1363 2101 in
1380 2076 1477 2102 con-

160 2121 265 2171 filio)
305 2122 485 2175 trepidus
522 2121 697 2163 nuncius
732 2127 755 2175 ‡
776 2122 906 2171 affert,
945 2121 1103 2162 hostem
1138 2133 1288 2175 magno
1314 2121 1477 2175 agmine

157 2180 301 2220 adeffe.
362 2179 538 2221 Consilio
555 2180 726 2229 dimisso,
744 2180 898 2235 lignum
921 2180 1128 2235 extemplo
1150 2179 1286 2229 datur,
1305 2189 1350 2218 ut
1367 2193 1478 2219 arma

159 2240 335 2294 capiant.
395 2239 566 2279 Interim
603 2240 752 2294 placet,
785 2253 833 2278 ex
871 2239 992 2295 regiis
1025 2236 1186 2279 auxiliis
1217 2239 1279 2292 (2)
1312 2247 1479 2277 centum

787 2296 830 2338 H
853 2308 878 2340 2
1320 2295 1480 2350 equites

201 2413 243 2446 C.
257 2411 311 2453 56.
335 2414 392 2455 (1)
409 2415 535 2456 Nempe
551 2415 589 2446 P.
613 2414 789 2453 Lentulus,
803 2415 989 2456 quijuvem‘s
1006 2412 1127 2452 illustris
1143 2421 1216 2443 cum
1230 2411 1361 2443 consule
1374 2410 1483 2443 mifl'us

215 2459 286 2490 itur
302 2459 396 2502 supra
410 2471 437 2491 c.
454 2471 509 2501 49.
558 2459 613 2491 Iste
631 2471 716 2492 nunc
733 2463 841 2504 legatus
856 2468 990 2491 vocatur
1006 2471 1015 2496 ;
1039 2456 1306 2498 obsidionemque
1336 2457 1481 2489 Haliarti

157 2503 318 2546 aggrtfl'us
336 2517 374 2536 cu
392 2519 406 2533 u
425 2504 461 2535 (ἓ
479 2512 571 2546 parte
589 2507 778 2537 Boeotorum
805 2506 992 2547 juventute,
1018 2514 1087 2545 quae
1105 2512 1180 2533 cum
1197 2501 1354 2533 Romanis
1370 2502 1483 2541 stabat,

152 2548 239 2591 juss'u
255 2549 399 2582 Lucretii
419 2563 432 2581 ,τ
449 2549 609 2581 moeninus
626 2549 779 2581 abscessit.
825 2551 933 2590 Supra
963 2549 983 2580 1.
999 2558 1031 2588 5.
1062 2559 1090 2579 c.
1119 2547 1172 2586 38.
1199 2549 1266 2578 adeo*
1279 2560 1332 2578 non
1353 2550 1481 2589 fortuna

154 2596 301 2636 mod5,fid
316 2601 388 2626 rstio
402 2600 497 2632 siam,
512 2608 571 2625 cum
587 2598 724 2627 barbaris
729 2596 844 2638 stabat.
863 2595 894 2625 δε
911 2595 997 2626 infra
1009 2594 1028 2625 l.
1046 2603 1099 2632 44.
1118 2603 1147 2623 c.
1166 2602 1216 2630 14.
1240 2592 1394 2624 Similiter
1398 2593 1482 2633 stare

150 2647 210 2683 pro
224 2643 317 2683 m'iquo
334 2642 419 2672 infra
434 2641 454 2671 l.
468 2650 520 2680 45.
537 2651 564 2672 c.
581 2651 630 2674 22.
656 2644 694 2673 E.
718 2642 777 2682 (2)
795 2639 941 2682 Intellige
958 2638 1114 2671 Eumenis
1131 2637 1261 2670 auxilia.
1276 2639 1313 2674 F.
1338 2640 1393 2680 (3)
1410 2637 1484 2670 Sus·

161 2686 295 2729 pectum
312 2687 355 2718 est
369 2688 402 2718 τὸ
417 2689 534 2730 quidem.

201 2734 241 2763 C.
259 2740 313 2772 57.
360 2734 415 2775 (1)
426 2734 512 2772 Lege
527 2738 692 2763 creverant.
738 2730 796 2774 (2)
826 2729 972 2764 Numero
988 2727 1064 2761 huic
1077 2726 1195 2762 vitium
1210 2727 1306 2761 ineffe
1324 2727 1432 2806 lique-lt²
1444 2737 1485 2759 ex

1259 2772 1410 2818 sequenti
1435 2783 1481 2806 ua.

1498 1699 1637 1730 Romanos

1463 1756 1478 1777 “.
1498 1747 1581 1777 ducit.
