1830 3131
230 226 316 281 356

294 361 363 404 39.
385 346 567 389 remifl'us
586 348 637 392 ad
655 356 826 402 patrem,
849 360 919 401 42.

233 405 454 462 Bituriges,
484 407 638 462 populi,
655 406 851 448 summam
873 406 951 449 im-

294 466 396 521 perii
417 465 634 507 Gallorum
655 474 892 517 tenuerunt,
914 479 953 508 v.

239 581 425 633 Blandae,
441 581 536 625 urbs
553 582 597 623 in
617 581 810 633 Lucanis,
829 582 952 624 xxiv.

299 653 371 681 20.

236 699 408 748 Blafius,
447 697 618 752 Salapiae
642 696 959 754 princeps,favet

297 759 515 808 Romanis,
536 756 806 810 Dafiumque,
825 759 958 799 Anni-

294 816 378 857 bali
418 815 641 865 faventem,
695 818 872 871 appellat
905 818 957 858 de

295 874 544 930 proditione,
581 872 703 914 xxvi.
742 878 807 915 38.
849 876 961 916 Sala-

298 932 408 987 piam
428 931 549 973 tradit
569 931 786 982 Marcello,
806 933 896 973 ibid.

241 990 364 1032 Blofii
396 989 557 1039 fratres,
588 990 698 1047 apud
726 990 960 1044 Campanos

300 1049 562 1104 conjurantes
582 1047 772 1089 adversus
805 1049 961 1090 Roma-

297 1122 391 1158 nos,
410 1107 713 1161 opprimuntur,
737 1108 875 1148 xxvii.
899 1120 940 1161 3.

238 1164 435 1208 Boarium
455 1165 610 1207 forum.
632 1165 714 1206 vid.
746 1166 915 1207 Forum.

241 1224 440 1276 Bocchar,
461 1237 538 1265 rex
560 1224 961 1274 Maurorum,xxix.

305 1298 373 1338 30.

244 1341 444 1391 Bocchar‚
460 1354 516 1381 ex
539 1340 742 1394 praefeaestis
763 1342 884 1399 regiis
901 1342 963 1384 vir

300 1414 392 1449 acer
430 1401 469 1439 &
502 1399 692 1455 impiger,
729 1401 906 1441 mittitur
939 1416 963 1442 a

302 1456 490 1514 Syphace
523 1467 666 1498 contra
698 1458 962 1513 Masinissam,

306 1518 438 1556 xxix.
461 1527 534 1570 32.

243 1574 389 1619 Boebe,
411 1574 545 1630 palus,
569 1575 699 1616 xxxi.
721 1585 794 1624 41.

245 1633 436 1684 Boebeis,
454 1632 586 1673 xxvii.
603 1648 671 1689 32.

244 1691 421 1741 Boeotia,
456 1691 593 1733 xxvii.
628 1706 694 1747 30.
729 1691 876 1732 xxviii.
920 1693 959 1738 8.

307 1763 469 1797 xxxin.
500 1763 535 1790 1.

244 1809 421 1852 Boeotiae
435 1818 585 1858 motus,
607 1808 696 1848 xlii.
717 1821 788 1860 43.

245 1867 383 1915 Boeoti
403 1867 594 1922 adscripti
616 1881 638 1907 a
659 1866 852 1932 Philippo
880 1863 963 1905 foe-

302 1927 404 1975 deri
452 1939 549 1967 cum
610 1924 809 1966 Romanis
844 1922 962 1972 inito,

304 1985 439 2025 xxix.
478 1995 544 2026 12.
578 1983 759 2039 jungunt
799 1981 965 2022 societa-

301 2054 385 2084 tem
408 2056 504 2084 cum
537 2041 756 2087 Romanis
799 2039 962 2080 xxxiii.

305 2115 346 2144 2.
377 2098 533 2141 efferati
554 2099 677 2139 odio
668 2113 710 2139 m
733 2099 963 2147 Romanos,

300 2174 373 2216 per
392 2156 605 2207 latrocinia
636 2159 786 2198 multos
808 2155 964 2199 interfi-

302 2220 433 2267 ciunt
476 2229 544 2271 29.
583 2216 833 2257 muletantur
864 2230 887 2257 a
906 2214 960 2256 T

302 2275 497 2326 Quintio
541 2274 629 2315 ibid.
671 2288 740 2316 eos
783 2273 851 2316 fibi
892 2274 962 2315 ad-

299 2335 442 2392 jungit
464 2332 714 2383 Antiochus,
736 2333 892 2373 xxxvi.
917 2333 959 2373 6.

304 2407 449 2434 eorum
471 2391 691 2435 concilium
707 2391 920 2438 discuffum
938 2405 961 2435 a

306 2450 504 2493 Romanis
521 2449 683 2505 legatis,
702 2449 793 2490 xlii.
814 2464 871 2502 44

244 2509 451 2559 Boeotius,
483 2508 584 2549 xliv.
606 2520 681 2562 43.

242 2567 521 2619 Boeotarchae,
555 2566 719 2606 xxxiii.
758 2577 826 2620 27.
867 2564 958 2605 xlii.

241 2638 358 2740 Boji3
377 2683 561 2727 Gallicus
589 2682 787 2748 populus,
819 2681 960 2735 Etrui}

823 220 1257 268 INDEX,

1066 358 1134 388 cos
1166 347 1209 387 ὅτ
1232 342 1411 388 Umbros
1432 351 1531 400 agro
1551 345 1725 400 pellunt,

1063 418 1100 445 v.
1123 418 1144 459 3
1153 418 1191 460 5.
1212 404 1255 444 in
1275 404 1391 444 Italia
1407 403 1604 445 rebellant
1611 405 1721 454 ‚xxh

1067 462 1370 518 25301'0111111
1406 476 1551 518 agrum
1572 461 1725 506 invadit

1068 520 1118 561 C.
1161 521 1339 588 Oppiu5‚
1380 535 1505 575 quem
1545 522 1729 569 caedunt,

1069 581 1199 620 xxxi.
1264 592 1303 621 2.
1367 580 1472 621 duce
1522 580 1726 620 Amilcare

1069 640 1216 680 Poeno
1239 638 1436 680 invadunt
1460 637 1730 688 Placentiam,

1075 711 1141 740 10.
1155 682 1336 753 jungunt
1358 695 1396 738 se
1427 695 1664 741 Insubribus
1688 697 1727 742 ὃς

1069 756 1316 797 Cenomanis
1356 754 1504 802 xxxii.
1542 768 1612 809 30.
1641 766 1732 796 eor-

1071 828 1142 855 um
1192 828 1309 869 agros
1360 823 1487 856 urunt
1526 813 1732 861 consules,

1073 873 1162 912 ibid.
1179 881 1214 911 et
1235 886 1256 927 3
1272 887 1303 912 1.
1322 872 1486 912 caedunt
1499 871 1733 919 Romanos,

1073 930 1235 979 xxxiii.
1269 933 1337 984 36.
1358 935 1501 973 eorum
1523 944 1641 986 agros
1660 943 1734 985 poe

1072 991 1267 1045 pulantur
1304 988 1500 1036 Romani,
1539 1001 1609 1043 37.
1646 988 1736 1029 vin·

1072 1057 1240 1095 cuntur,
1283 1056 1339 1087 ita
1379 1056 1425 1087 ut
1455 1060 1527 1086 vix
1558 1059 1735 1088 nuncius

1073 1107 1199 1149 cladis
1232 1105 1398 1150 relictus
1433 1105 1495 1150 fit,
1529 1105 1609 1145 ibid
1656 1119 1735 1146 cae-

1078 1165 1233 1207 duntur
1253 1178 1276 1203 a
1296 1163 1343 1204 L.
1363 1163 1549 1214 Valerio,
1569 1163 1731 1204 xxxiv.

1080 1236 1147 1265 22.
1165 1224 1236 1274 46.
1251 1230 1492 1276 oppugnant
1505 1221 1634 1263 castra
1649 1223 1736 1263 Ro-

1077 1295 1216 1331 mana,
1233 1280 1319 1323 ibid.
1352 1278 1510 1335 ingreffi
1529 1281 1739 1335 repellam,

1076 1349 1162 1393 tur,
1183 1352 1255 1393 47.
1274 1339 1314 1380 in
1337 1351 1482 1379 eorum
1502 1352 1647 1395 agrum
1659 1351 1738 1378 ex-

1076 1399 1250 1440 ercitum
1273 1396 1431 1445 inducit
1451 1396 1502 1438 L.
1519 1396 1740 1439 Cornelius

1076 1457 1241 1498 Merula
1263 1455 1418 1504 consul,
1433 1469 1557 1500 xxxv.
1578 1470 1623 1508 4.
1645 1454 1739 1512 Boji

1076 1515 1312 1563 vincuntur,
1342 1529 1383 1571 5.
1407 1514 1446 1555 se
1467 1515 1624 1562 dedunt
1648 1515 1741 1558 Roq

1077 1573 1224 1621 manis,
1239 1586 1308 1624 40.
1335 1587 1474 1632 pugna
1486 1587 1635 1630 magna
1649 1572 1740 1616 vin-

1076 1639 1228 1674 cuntur
1268 1644 1291 1669 a
1332 1630 1377 1672 P.
1417 1631 1611 1673 Cornelio
1650 1631 1741 1674 Sci-

1077 1689 1215 1744 pione,
1234 1690 1392 1728 xxxvi.
1421 1692 1490 1742 38
1513 1690 1618 1730 datis
1632 1689 1737 1730 obfi„

1076 1746 1213 1800 dibus,
1236 1747 1490 1790 mulctantur
1517 1747 1603 1803 agri
1623 1759 1738 1804 parte

1078 1805 1162 1847 fere
1181 1806 1365 1854 dimidia,
1388 1815 1457 1859 39.

1021 1865 1222 1920 Bojorum
1245 1877 1334 1905 mos
1369 1877 1425 1904 ex
1448 1865 1561 1906 calva
1581 1863 1738 1907 hostilis

1079 1923 1221 1977 capitis
1236 1923 1382 1978 pocula
1402 1923 1594 1973 faciendi,
1610 1924 1736 1971 xxiii.

1080 1993 1149 2032 24.

1021 2039 1212 2095 BojoriX,
1275 2039 1443 2095 regulus

1079 2098 1240 2138 xxxiv.
1262 2100 1333 2146 46.

1019 2159 1145 2201 Bolae.
1163 2156 1244 2203 vid.
1273 2155 1403 2197 Volae..

1019 2217 1242 2263 Bomilcar
1260 2213 1358 2254 xxi.
1383 2225 1452 2267 27.
1623 2240 1625 2245 .

1018 2275 1239 2319 Bomilcar
1260 2271 1481 2331 praefeRus
1495 2271 1621 2313 classa
1637 2274 1738 2317 Car.

1075 2331 1231 2399 thagini
1234 2332 1352 2379 enfis,
1377 2329 1532 2371 Locros
1561 2331 1736 2386 accedit,

1078 2391 1206 2432 xxiii.
1241 2404 1300 2444 41.
1336 2401 1533 2444 magnum
1571 2400 1736 2444 port-um

1077 2448 1371 2507 Syracusarum
1404 2460 1501 2491 cum
1529 2447 1645 2489 claffe
1676 2448 1740 2492 in-

1076 2508 1276 2570 greditur,
1314 2506 1439 2550 xxiv
1481 2511 1551 2562 36-
1588 2507 1668 2548 vid.
1703 2514 1741 2547 et.

1076 2581 1185 2609 xxv.
1212 2579 1281 2619 25.
1305 2575 1340 2606 et
1358 2573 1425 2608 27-

1018 2626 1131 2667 Bona
1172 2624 1261 2679 post
1303 2621 1462 2665 domini
1493 2620 1736 2677 supplicium

1074 2641 1329 2739 publicata,
1319 2697 1375 2722 ιν
1400 2690 1466 2735 15.

1520 2032 1738 2103 Bojorum‚
