<?xml version="1.0" encoding="UTF-8"?>
<!DOCTYPE html PUBLIC "-//W3C//DTD XHTML 1.0 Transitional//EN"
    "http://www.w3.org/TR/xhtml1/DTD/xhtml1-transitional.dtd">
<html xmlns="http://www.w3.org/1999/xhtml" xml:lang="en" lang="en">
 <head>
  <title>
</title>
<meta http-equiv="Content-Type" content="text/html;charset=utf-8" />
  <meta name='ocr-system' content='tesseract 3.04.00' />
  <meta name='ocr-capabilities' content='ocr_page ocr_carea ocr_par ocr_line ocrx_word'/>
</head>
<body>
  <div class='ocr_page' id='page_1' title='image "./historiaeromanae04livyuoft/historiaeromanae04livyuoft_0136.png"; bbox 0 0 1804 3121; ppageno 0'>
   <div class='ocr_carea' id='block_1_1' title="bbox 141 239 1188 285">
    <p class='ocr_par' dir='ltr' id='par_1_1' title="bbox 141 239 1188 285">
     <span class='ocr_line' id='line_1_1' title="bbox 141 239 1188 285; baseline -0.002 -1"><span class='ocrx_word' id='word_1_1' title='bbox 141 243 223 285; x_wconf 83' lang='lat'>126</span> <span class='ocrx_word' id='word_1_2' title='bbox 873 239 926 282; x_wconf 84' lang='lat' dir='ltr'>T.</span> <span class='ocrx_word' id='word_1_3' title='bbox 972 240 1188 283; x_wconf 89' lang='lat' dir='ltr'>LIVII</span> 
     </span>
    </p>
   </div>
   <div class='ocr_carea' id='block_1_2' title="bbox 137 354 1686 2509">
    <p class='ocr_par' dir='ltr' id='par_1_2' title="bbox 358 354 1684 1112">
     <span class='ocr_line' id='line_1_2' title="bbox 358 354 1681 414; baseline 0.002 -17"><span class='ocrx_word' id='word_1_4' title='bbox 358 357 476 414; x_wconf 73' lang='lat' dir='ltr'>ja&amp;u</span> <span class='ocrx_word' id='word_1_5' title='bbox 499 358 559 413; x_wconf 87' lang='lat'>(3)</span> <span class='ocrx_word' id='word_1_6' title='bbox 580 356 649 398; x_wconf 85' lang='lat' dir='ltr'>teli</span> <span class='ocrx_word' id='word_1_7' title='bbox 679 355 859 406; x_wconf 83' lang='lat' dir='ltr'>fuerunt,</span> <span class='ocrx_word' id='word_1_8' title='bbox 883 356 1038 398; x_wconf 85' lang='lat' dir='ltr'>duabus</span> <span class='ocrx_word' id='word_1_9' title='bbox 1060 354 1173 399; x_wconf 83' lang='lat' dir='ltr'>fimul</span> <span class='ocrx_word' id='word_1_10' title='bbox 1197 358 1323 412; x_wconf 83' lang='lat' dir='ltr'>portis</span> <span class='ocrx_word' id='word_1_11' title='bbox 1343 355 1604 412; x_wconf 77' lang='lat' dir='ltr'>erumpitur3</span> <span class='ocrx_word' id='word_1_12' title='bbox 1637 355 1681 399; x_wconf 66' lang='lat' dir='ltr'>ae</span> 
     </span>
     <span class='ocr_line' id='line_1_3' title="bbox 364 415 1682 472; baseline 0.001 -16"><span class='ocrx_word' id='word_1_13' title='bbox 364 417 414 457; x_wconf 87' lang='lat' dir='ltr'>ad</span> <span class='ocrx_word' id='word_1_14' title='bbox 443 418 662 456; x_wconf 87' lang='lat' dir='ltr'>clamorem</span> <span class='ocrx_word' id='word_1_15' title='bbox 685 416 987 470; x_wconf 83' lang='lat' dir='ltr'><strong>erumpentium</strong></span> <span class='ocrx_word' id='word_1_16' title='bbox 1010 416 1151 471; x_wconf 81' lang='lat' dir='ltr'>ingens</span> <span class='ocrx_word' id='word_1_17' title='bbox 1174 415 1537 472; x_wconf 82' lang='lat' dir='ltr'>strepitusemuris</span> <span class='ocrx_word' id='word_1_18' title='bbox 1550 424 1682 465; x_wconf 85' lang='lat' dir='ltr'>ortus,</span> 
     </span>
     <span class='ocr_line' id='line_1_4' title="bbox 365 473 1682 531; baseline -0.002 -15"><span class='ocrx_word' id='word_1_19' title='bbox 365 475 608 516; x_wconf 80' lang='lat' dir='ltr'>ululantium</span> <span class='ocrx_word' id='word_1_20' title='bbox 626 475 845 516; x_wconf 78' lang='lat' dir='ltr'>mulierum</span> <span class='ocrx_word' id='word_1_21' title='bbox 866 489 958 515; x_wconf 89' lang='lat' dir='ltr'>cum</span> <span class='ocrx_word' id='word_1_22' title='bbox 980 478 1010 523; x_wconf 61' lang='grc' dir='ltr'>ῚῘ</span> <span class='ocrx_word' id='word_1_23' title='bbox 1031 475 1187 529; x_wconf 85' lang='lat' dir='ltr'>crepitu</span> <span class='ocrx_word' id='word_1_24' title='bbox 1212 476 1393 531; x_wconf 89' lang='lat' dir='ltr'>undique</span> <span class='ocrx_word' id='word_1_25' title='bbox 1414 474 1530 516; x_wconf 84' lang='lat' dir='ltr'>ae-ris:</span> <span class='ocrx_word' id='word_1_26' title='bbox 1559 476 1598 517; x_wconf 70' lang='grc' dir='ltr'><strong>ἃ</strong></span> <span class='ocrx_word' id='word_1_27' title='bbox 1617 473 1682 514; x_wconf 83' lang='lat' dir='ltr'>in-</span> 
     </span>
     <span class='ocr_line' id='line_1_5' title="bbox 363 531 1682 586; baseline 0 -14"><span class='ocrx_word' id='word_1_28' title='bbox 363 534 527 574; x_wconf 83' lang='lat' dir='ltr'>condita</span> <span class='ocrx_word' id='word_1_29' title='bbox 550 535 740 574; x_wconf 65' lang='lat' dir='ltr'>multitud</span> <span class='ocrx_word' id='word_1_30' title='bbox 766 556 784 572; x_wconf 90' lang='lat'>·.</span> <span class='ocrx_word' id='word_1_31' title='bbox 824 532 938 573; x_wconf 64' lang='lat' dir='ltr'>tux-ba</span> <span class='ocrx_word' id='word_1_32' title='bbox 973 532 1160 573; x_wconf 65' lang='lat' dir='ltr'>immixta</span> <span class='ocrx_word' id='word_1_33' title='bbox 1200 533 1346 586; x_wconf 86' lang='lat' dir='ltr'>servili,</span> <span class='ocrx_word' id='word_1_34' title='bbox 1374 533 1493 574; x_wconf 79' lang='lat' dir='ltr'>variis</span> <span class='ocrx_word' id='word_1_35' title='bbox 1512 531 1682 574; x_wconf 77' lang='lat' dir='ltr'>vocibus</span> 
     </span>
     <span class='ocr_line' id='line_1_6' title="bbox 363 591 1682 648; baseline 0.001 -17"><span class='ocrx_word' id='word_1_36' title='bbox 363 595 393 640; x_wconf 59' lang='grc' dir='ltr'>ἿῘ</span> <span class='ocrx_word' id='word_1_37' title='bbox 414 591 665 646; x_wconf 72' lang='lat' dir='ltr'>personabat.</span> <span class='ocrx_word' id='word_1_38' title='bbox 729 592 809 631; x_wconf 82' lang='lat' dir='ltr'>Hic</span> <span class='ocrx_word' id='word_1_39' title='bbox 840 605 918 631; x_wconf 65' lang='lat' dir='ltr'>:am</span> <span class='ocrx_word' id='word_1_40' title='bbox 943 593 1155 645; x_wconf 58' lang='lat' dir='ltr'>inuiriplex</span> <span class='ocrx_word' id='word_1_41' title='bbox 1185 592 1370 646; x_wconf 90' lang='lat' dir='ltr'>undique</span> <span class='ocrx_word' id='word_1_42' title='bbox 1390 591 1578 648; x_wconf 69' lang='lat' dir='ltr'>objestus</span> <span class='ocrx_word' id='word_1_43' title='bbox 1600 598 1682 632; x_wconf 85' lang='lat' dir='ltr'>ter·</span> 
     </span>
     <span class='ocr_line' id='line_1_7' title="bbox 364 648 1677 704; baseline -0.001 -14"><span class='ocrx_word' id='word_1_44' title='bbox 364 664 431 690; x_wconf 84' lang='lat' dir='ltr'>ror</span> <span class='ocrx_word' id='word_1_45' title='bbox 448 650 599 700; x_wconf 85' lang='lat' dir='ltr'>effecit,</span> <span class='ocrx_word' id='word_1_46' title='bbox 639 665 689 690; x_wconf 83' lang='lat' dir='ltr'>ne</span> <span class='ocrx_word' id='word_1_47' title='bbox 708 650 897 690; x_wconf 79' lang='lat' dir='ltr'>sustinere</span> <span class='ocrx_word' id='word_1_48' title='bbox 921 650 1092 704; x_wconf 68' lang='lat' dir='ltr'>primam</span> <span class='ocrx_word' id='word_1_49' title='bbox 1113 652 1331 703; x_wconf 78' lang='lat' dir='ltr'>procellam</span> <span class='ocrx_word' id='word_1_50' title='bbox 1354 648 1677 704; x_wconf 87' lang='lat' dir='ltr'>eruptionisRo-</span> 
     </span>
     <span class='ocr_line' id='line_1_8' title="bbox 363 706 1683 764; baseline -0.001 -16"><span class='ocrx_word' id='word_1_51' title='bbox 363 709 472 748; x_wconf 82' lang='lat' dir='ltr'>mani</span> <span class='ocrx_word' id='word_1_52' title='bbox 490 708 655 763; x_wconf 83' lang='lat' dir='ltr'>poffent.</span> <span class='ocrx_word' id='word_1_53' title='bbox 708 709 851 761; x_wconf 85' lang='lat' dir='ltr'>Itaque</span> <span class='ocrx_word' id='word_1_54' title='bbox 882 708 1085 764; x_wconf 76' lang='lat' dir='ltr'>fugientes</span> <span class='ocrx_word' id='word_1_55' title='bbox 1108 710 1260 762; x_wconf 87' lang='lat' dir='ltr'>plures,</span> <span class='ocrx_word' id='word_1_56' title='bbox 1293 706 1418 764; x_wconf 66' lang='lat' dir='ltr'>quam</span> <span class='ocrx_word' id='word_1_57' title='bbox 1435 717 1683 764; x_wconf 81' lang='lat' dir='ltr'>pugnantes,</span> 
     </span>
     <span class='ocr_line' id='line_1_9' title="bbox 364 767 1682 821; baseline 0 -15"><span class='ocrx_word' id='word_1_58' title='bbox 364 767 598 821; x_wconf 73' lang='lat' dir='ltr'>inte1·emp··i</span> <span class='ocrx_word' id='word_1_59' title='bbox 620 768 733 808; x_wconf 85' lang='lat' dir='ltr'>sunt:</span> <span class='ocrx_word' id='word_1_60' title='bbox 754 767 823 807; x_wconf 80' lang='lat' dir='ltr'>vix</span> <span class='ocrx_word' id='word_1_61' title='bbox 837 767 919 806; x_wconf 91' lang='lat' dir='ltr'>duo</span> <span class='ocrx_word' id='word_1_62' title='bbox 949 767 1073 807; x_wconf 83' lang='lat' dir='ltr'>millia</span> <span class='ocrx_word' id='word_1_63' title='bbox 1091 767 1306 807; x_wconf 89' lang='lat' dir='ltr'>hominum</span> <span class='ocrx_word' id='word_1_64' title='bbox 1324 780 1418 808; x_wconf 90' lang='lat' dir='ltr'>cum</span> <span class='ocrx_word' id='word_1_65' title='bbox 1440 767 1525 821; x_wconf 85' lang='lat' dir='ltr'>ipso</span> <span class='ocrx_word' id='word_1_66' title='bbox 1545 767 1682 820; x_wconf 82' lang='lat' dir='ltr'>legato</span> 
     </span>
     <span class='ocr_line' id='line_1_10' title="bbox 363 824 1680 883; baseline 0 -19"><span class='ocrx_word' id='word_1_67' title='bbox 363 825 405 865; x_wconf 85' lang='lat' dir='ltr'>in</span> <span class='ocrx_word' id='word_1_68' title='bbox 421 826 546 866; x_wconf 74' lang='lat' dir='ltr'>castra</span> <span class='ocrx_word' id='word_1_69' title='bbox 568 825 848 880; x_wconf 77' lang='lat' dir='ltr'>perfugerunt.</span> <span class='ocrx_word' id='word_1_70' title='bbox 910 825 1006 883; x_wconf 83' lang='lat' dir='ltr'>Qo</span> <span class='ocrx_word' id='word_1_71' title='bbox 1024 827 1185 880; x_wconf 84' lang='lat' dir='ltr'>longius</span> <span class='ocrx_word' id='word_1_72' title='bbox 1202 826 1277 866; x_wconf 87' lang='lat' dir='ltr'>iter</span> <span class='ocrx_word' id='word_1_73' title='bbox 1299 825 1339 866; x_wconf 89' lang='lat' dir='ltr'>in</span> <span class='ocrx_word' id='word_1_74' title='bbox 1360 824 1487 866; x_wconf 81' lang='lat' dir='ltr'>castra</span> <span class='ocrx_word' id='word_1_75' title='bbox 1507 833 1609 876; x_wconf 82' lang='lat' dir='ltr'>erat,</span> <span class='ocrx_word' id='word_1_76' title='bbox 1630 836 1680 864; x_wconf 87' lang='lat' dir='ltr'>eo</span> 
     </span>
     <span class='ocr_line' id='line_1_11' title="bbox 363 882 1682 938; baseline 0.002 -17"><span class='ocrx_word' id='word_1_77' title='bbox 363 886 498 938; x_wconf 71' lang='lat' dir='ltr'>plures</span> <span class='ocrx_word' id='word_1_78' title='bbox 531 883 647 923; x_wconf 69' lang='lat' dir='ltr'>feffos</span> <span class='ocrx_word' id='word_1_79' title='bbox 671 883 930 924; x_wconf 46' lang='lat' dir='ltr'>consectandi</span> <span class='ocrx_word' id='word_1_80' title='bbox 965 884 1146 925; x_wconf 83' lang='lat' dir='ltr'>hostibus</span> <span class='ocrx_word' id='word_1_81' title='bbox 1168 885 1283 938; x_wconf 87' lang='lat' dir='ltr'>copia</span> <span class='ocrx_word' id='word_1_82' title='bbox 1306 884 1396 924; x_wconf 61' lang='lat' dir='ltr'>fuit.</span> <span class='ocrx_word' id='word_1_83' title='bbox 1460 882 1526 924; x_wconf 90' lang='lat' dir='ltr'>Ne</span> <span class='ocrx_word' id='word_1_84' title='bbox 1547 895 1682 924; x_wconf 82' lang='lat' dir='ltr'>mora-</span> 
     </span>
     <span class='ocr_line' id='line_1_12' title="bbox 364 939 1683 997; baseline 0 -16"><span class='ocrx_word' id='word_1_85' title='bbox 364 954 428 981; x_wconf 76' lang='lat' dir='ltr'>tus</span> <span class='ocrx_word' id='word_1_86' title='bbox 447 943 610 995; x_wconf 73' lang='lat' dir='ltr'>quidem</span> <span class='ocrx_word' id='word_1_87' title='bbox 635 945 673 981; x_wconf 76' lang='lat' dir='ltr'>in</span> <span class='ocrx_word' id='word_1_88' title='bbox 692 942 828 982; x_wconf 77' lang='lat' dir='ltr'>castris</span> <span class='ocrx_word' id='word_1_89' title='bbox 853 942 1026 995; x_wconf 71' lang='lat' dir='ltr'>Appius,</span> <span class='ocrx_word' id='word_1_90' title='bbox 1051 953 1094 983; x_wconf 83' lang='lat' dir='ltr'>ut</span> <span class='ocrx_word' id='word_1_91' title='bbox 1117 943 1206 984; x_wconf 80' lang='lat' dir='ltr'>suos</span> <span class='ocrx_word' id='word_1_92' title='bbox 1235 943 1436 997; x_wconf 74' lang='lat' dir='ltr'>diffipatos</span> <span class='ocrx_word' id='word_1_93' title='bbox 1455 940 1551 997; x_wconf 62' lang='lat' dir='ltr'>fuga</span> <span class='ocrx_word' id='word_1_94' title='bbox 1567 939 1683 982; x_wconf 85' lang='lat' dir='ltr'>colli·</span> 
     </span>
     <span class='ocr_line' id='line_1_13' title="bbox 367 998 1684 1057; baseline 0.001 -18"><span class='ocrx_word' id='word_1_95' title='bbox 367 1012 491 1055; x_wconf 49' lang='lat' dir='ltr'>gerit,</span> <span class='ocrx_word' id='word_1_96' title='bbox 513 1007 618 1054; x_wconf 56' lang='lat' dir='ltr'>(quas</span> <span class='ocrx_word' id='word_1_97' title='bbox 643 1015 704 1040; x_wconf 84' lang='lat' dir='ltr'>res</span> <span class='ocrx_word' id='word_1_98' title='bbox 727 1000 867 1054; x_wconf 42' lang='lat' dir='ltr'>palatis</span> <span class='ocrx_word' id='word_1_99' title='bbox 885 1015 956 1054; x_wconf 85' lang='lat' dir='ltr'>per</span> <span class='ocrx_word' id='word_1_100' title='bbox 978 1016 1093 1056; x_wconf 74' lang='lat' dir='ltr'>agros</span> <span class='ocrx_word' id='word_1_101' title='bbox 1122 1001 1237 1042; x_wconf 85' lang='lat' dir='ltr'>saluti</span> <span class='ocrx_word' id='word_1_102' title='bbox 1256 999 1406 1057; x_wconf 83' lang='lat' dir='ltr'>fuiffet)</span> <span class='ocrx_word' id='word_1_103' title='bbox 1431 1001 1481 1041; x_wconf 82' lang='lat' dir='ltr'>ad</span> <span class='ocrx_word' id='word_1_104' title='bbox 1504 998 1684 1057; x_wconf 77' lang='lat' dir='ltr'>Lychni-</span> 
     </span>
     <span class='ocr_line' id='line_1_14' title="bbox 367 1058 1228 1112; baseline 0.001 -14"><span class='ocrx_word' id='word_1_105' title='bbox 367 1061 463 1098; x_wconf 84' lang='lat' dir='ltr'>dum</span> <span class='ocrx_word' id='word_1_106' title='bbox 484 1058 878 1112; x_wconf 55' lang='lat' dir='ltr'>proti=1u12reliqui.1s</span> <span class='ocrx_word' id='word_1_107' title='bbox 897 1060 1020 1100; x_wconf 82' lang='lat' dir='ltr'>cladis</span> <span class='ocrx_word' id='word_1_108' title='bbox 1053 1060 1228 1100; x_wconf 82' lang='lat' dir='ltr'>reduxit.</span> 
     </span>
    </p>

    <p class='ocr_par' dir='ltr' id='par_1_3' title="bbox 363 1113 1686 1868">
     <span class='ocr_line' id='line_1_15' title="bbox 422 1113 1684 1173; baseline -0.002 -17"><span class='ocrx_word' id='word_1_109' title='bbox 422 1117 491 1156; x_wconf 68' lang='grc' dir='ltr'>Χῖ.</span> <span class='ocrx_word' id='word_1_110' title='bbox 531 1118 698 1171; x_wconf 80' lang='lat' dir='ltr'><em>(XIII)</em></span> <span class='ocrx_word' id='word_1_111' title='bbox 733 1117 833 1157; x_wconf 84' lang='lat' dir='ltr'>Haec</span> <span class='ocrx_word' id='word_1_112' title='bbox 857 1119 892 1157; x_wconf 83' lang='lat'>&amp;</span> <span class='ocrx_word' id='word_1_113' title='bbox 916 1119 1009 1166; x_wconf 76' lang='lat' dir='ltr'>alia,</span> <span class='ocrx_word' id='word_1_114' title='bbox 1027 1117 1134 1158; x_wconf 86' lang='lat' dir='ltr'>haud</span> <span class='ocrx_word' id='word_1_115' title='bbox 1157 1117 1344 1173; x_wconf 81' lang='lat' dir='ltr'>prospere</span> <span class='ocrx_word' id='word_1_116' title='bbox 1371 1116 1412 1156; x_wconf 91' lang='lat' dir='ltr'>in</span> <span class='ocrx_word' id='word_1_117' title='bbox 1434 1113 1684 1156; x_wconf 64' lang='lat' dir='ltr'>Macedonia</span> 
     </span>
     <span class='ocr_line' id='line_1_16' title="bbox 364 1171 1683 1230; baseline -0.001 -16"><span class='ocrx_word' id='word_1_118' title='bbox 364 1176 488 1230; x_wconf 77' lang='lat' dir='ltr'>gella,</span> <span class='ocrx_word' id='word_1_119' title='bbox 511 1189 563 1216; x_wconf 81' lang='lat' dir='ltr'>ex</span> <span class='ocrx_word' id='word_1_120' title='bbox 586 1176 677 1216; x_wconf 79' lang='lat' dir='ltr'>Sex.</span> <span class='ocrx_word' id='word_1_121' title='bbox 697 1176 857 1230; x_wconf 65' lang='lat' dir='ltr'>Digitio</span> <span class='ocrx_word' id='word_1_122' title='bbox 876 1175 1039 1216; x_wconf 89' lang='lat' dir='ltr'>tribuno</span> <span class='ocrx_word' id='word_1_123' title='bbox 1062 1176 1255 1226; x_wconf 87' lang='lat' dir='ltr'>militum,</span> <span class='ocrx_word' id='word_1_124' title='bbox 1277 1175 1347 1229; x_wconf 87' lang='lat' dir='ltr'>qui</span> <span class='ocrx_word' id='word_1_125' title='bbox 1362 1173 1546 1216; x_wconf 87' lang='lat' dir='ltr'>sacrificii</span> <span class='ocrx_word' id='word_1_126' title='bbox 1563 1171 1683 1214; x_wconf 65' lang='lat' dir='ltr'>causa</span> 
     </span>
     <span class='ocr_line' id='line_1_17' title="bbox 365 1231 1683 1289; baseline -0.002 -16"><span class='ocrx_word' id='word_1_127' title='bbox 365 1235 544 1274; x_wconf 81' lang='lat' dir='ltr'>Romam</span> <span class='ocrx_word' id='word_1_128' title='bbox 569 1246 743 1282; x_wconf 70' lang='lat' dir='ltr'>venerat,</span> <span class='ocrx_word' id='word_1_129' title='bbox 762 1234 851 1273; x_wconf 87' lang='lat' dir='ltr'>sunt</span> <span class='ocrx_word' id='word_1_130' title='bbox 863 1235 1016 1275; x_wconf 71' lang='lat' dir='ltr'>audita.</span> <span class='ocrx_word' id='word_1_131' title='bbox 1078 1234 1251 1289; x_wconf 85' lang='lat' dir='ltr'>Propter</span> <span class='ocrx_word' id='word_1_132' title='bbox 1274 1247 1366 1287; x_wconf 81' lang='lat' dir='ltr'>quae</span> <span class='ocrx_word' id='word_1_133' title='bbox 1391 1232 1508 1272; x_wconf 89' lang='lat' dir='ltr'>veriti</span> <span class='ocrx_word' id='word_1_134' title='bbox 1521 1231 1683 1284; x_wconf 85' lang='lat' dir='ltr'>Patres,</span> 
     </span>
     <span class='ocr_line' id='line_1_18' title="bbox 364 1289 1686 1348; baseline -0.002 -16"><span class='ocrx_word' id='word_1_135' title='bbox 364 1306 416 1332; x_wconf 88' lang='lat' dir='ltr'>ne</span> <span class='ocrx_word' id='word_1_136' title='bbox 433 1307 522 1345; x_wconf 78' lang='lat' dir='ltr'>quae</span> <span class='ocrx_word' id='word_1_137' title='bbox 546 1294 674 1348; x_wconf 85' lang='lat' dir='ltr'>major</span> <span class='ocrx_word' id='word_1_138' title='bbox 697 1292 918 1347; x_wconf 81' lang='lat' dir='ltr'>ignominia</span> <span class='ocrx_word' id='word_1_139' title='bbox 950 1293 1215 1348; x_wconf 84' lang='lat' dir='ltr'>acciperetur,</span> <span class='ocrx_word' id='word_1_140' title='bbox 1249 1293 1402 1347; x_wconf 87' lang='lat' dir='ltr'>legatos</span> <span class='ocrx_word' id='word_1_141' title='bbox 1420 1289 1463 1331; x_wconf 84' lang='lat' dir='ltr'>in</span> <span class='ocrx_word' id='word_1_142' title='bbox 1488 1289 1686 1332; x_wconf 85' lang='lat' dir='ltr'>Macedo-</span> 
     </span>
     <span class='ocr_line' id='line_1_19' title="bbox 366 1347 1684 1401; baseline -0.002 -11"><span class='ocrx_word' id='word_1_143' title='bbox 366 1351 491 1399; x_wconf 86' lang='lat' dir='ltr'>niam,</span> <span class='ocrx_word' id='word_1_144' title='bbox 516 1352 580 1392; x_wconf 79' lang='lat' dir='ltr'>M.</span> <span class='ocrx_word' id='word_1_145' title='bbox 603 1352 792 1392; x_wconf 85' lang='lat' dir='ltr'>Fulvium</span> <span class='ocrx_word' id='word_1_146' title='bbox 823 1351 1030 1401; x_wconf 76' lang='lat' dir='ltr'>Flaccum,</span> <span class='ocrx_word' id='word_1_147' title='bbox 1066 1354 1103 1391; x_wconf 75' lang='lat' dir='ltr'>Sc</span> <span class='ocrx_word' id='word_1_148' title='bbox 1130 1352 1190 1393; x_wconf 87' lang='lat' dir='ltr'>M.</span> <span class='ocrx_word' id='word_1_149' title='bbox 1215 1350 1438 1392; x_wconf 85' lang='lat' dir='ltr'>Caninium</span> <span class='ocrx_word' id='word_1_150' title='bbox 1465 1347 1684 1401; x_wconf 81' lang='lat' dir='ltr'>Rebilum,</span> 
     </span>
     <span class='ocr_line' id='line_1_20' title="bbox 366 1407 1685 1465; baseline 0 -17"><span class='ocrx_word' id='word_1_151' title='bbox 366 1409 575 1458; x_wconf 87' lang='lat' dir='ltr'>miserunt,</span> <span class='ocrx_word' id='word_1_152' title='bbox 599 1410 670 1464; x_wconf 89' lang='lat' dir='ltr'>qui</span> <span class='ocrx_word' id='word_1_153' title='bbox 691 1419 915 1462; x_wconf 86' lang='lat' dir='ltr'>comperta,</span> <span class='ocrx_word' id='word_1_154' title='bbox 935 1425 1029 1463; x_wconf 45' lang='lat' dir='ltr'>quse</span> <span class='ocrx_word' id='word_1_155' title='bbox 1050 1420 1283 1465; x_wconf 87' lang='lat' dir='ltr'>agerentur,</span> <span class='ocrx_word' id='word_1_156' title='bbox 1313 1407 1513 1449; x_wconf 86' lang='lat' dir='ltr'>referrent</span> <span class='ocrx_word' id='word_1_157' title='bbox 1532 1421 1543 1448; x_wconf 75' lang='lat' dir='ltr'><strong><em>z</em></strong></span> <span class='ocrx_word' id='word_1_158' title='bbox 1579 1408 1617 1450; x_wconf 89' lang='lat'>&amp;</span> <span class='ocrx_word' id='word_1_159' title='bbox 1639 1415 1685 1448; x_wconf 85' lang='lat' dir='ltr'>ut</span> 
     </span>
     <span class='ocr_line' id='line_1_21' title="bbox 368 1464 1685 1524; baseline -0.001 -17"><span class='ocrx_word' id='word_1_160' title='bbox 368 1469 422 1508; x_wconf 89' lang='lat' dir='ltr'>A.</span> <span class='ocrx_word' id='word_1_161' title='bbox 440 1466 639 1509; x_wconf 83' lang='lat' dir='ltr'>Hostilius</span> <span class='ocrx_word' id='word_1_162' title='bbox 662 1467 800 1512; x_wconf 89' lang='lat' dir='ltr'>consul</span> <span class='ocrx_word' id='word_1_163' title='bbox 818 1468 982 1509; x_wconf 86' lang='lat' dir='ltr'>comitia</span> <span class='ocrx_word' id='word_1_164' title='bbox 997 1468 1228 1509; x_wconf 87' lang='lat' dir='ltr'>consulibus</span> <span class='ocrx_word' id='word_1_165' title='bbox 1245 1466 1508 1524; x_wconf 80' lang='lat' dir='ltr'>subrogandis</span> <span class='ocrx_word' id='word_1_166' title='bbox 1529 1465 1584 1507; x_wconf 87' lang='lat' dir='ltr'>ita</span> <span class='ocrx_word' id='word_1_167' title='bbox 1598 1464 1685 1506; x_wconf 88' lang='lat' dir='ltr'>edi-</span> 
     </span>
     <span class='ocr_line' id='line_1_22' title="bbox 367 1525 1685 1582; baseline -0.001 -16"><span class='ocrx_word' id='word_1_168' title='bbox 367 1536 490 1575; x_wconf 86' lang='lat' dir='ltr'>ceret,</span> <span class='ocrx_word' id='word_1_169' title='bbox 509 1527 568 1566; x_wconf 92' lang='lat' dir='ltr'>uti</span> <span class='ocrx_word' id='word_1_170' title='bbox 583 1527 718 1567; x_wconf 89' lang='lat' dir='ltr'>mense</span> <span class='ocrx_word' id='word_1_171' title='bbox 737 1526 931 1579; x_wconf 74' lang='lat' dir='ltr'>Januario</span> <span class='ocrx_word' id='word_1_172' title='bbox 952 1526 1116 1566; x_wconf 86' lang='lat' dir='ltr'>comitia</span> <span class='ocrx_word' id='word_1_173' title='bbox 1139 1530 1151 1581; x_wconf 95' lang='lat'>(</span> <span class='ocrx_word' id='word_1_174' title='bbox 1187 1525 1357 1582; x_wconf 77' lang='lat' dir='ltr'>)liaberi</span> <span class='ocrx_word' id='word_1_175' title='bbox 1377 1525 1549 1581; x_wconf 72' lang='lat' dir='ltr'>pofl‘ent,</span> <span class='ocrx_word' id='word_1_176' title='bbox 1574 1526 1613 1566; x_wconf 76' lang='grc' dir='ltr'>δι</span> <span class='ocrx_word' id='word_1_177' title='bbox 1638 1532 1685 1565; x_wconf 87' lang='lat' dir='ltr'>ut</span> 
     </span>
     <span class='ocr_line' id='line_1_23' title="bbox 364 1582 1682 1640; baseline 0.001 -16"><span class='ocrx_word' id='word_1_178' title='bbox 364 1584 496 1638; x_wconf 87' lang='lat' dir='ltr'>primo</span> <span class='ocrx_word' id='word_1_179' title='bbox 529 1599 693 1640; x_wconf 89' lang='lat' dir='ltr'>quoque</span> <span class='ocrx_word' id='word_1_180' title='bbox 730 1595 912 1638; x_wconf 88' lang='lat' dir='ltr'>tempore</span> <span class='ocrx_word' id='word_1_181' title='bbox 940 1584 981 1623; x_wconf 91' lang='lat' dir='ltr'>in</span> <span class='ocrx_word' id='word_1_182' title='bbox 1011 1584 1152 1625; x_wconf 87' lang='lat' dir='ltr'>urbem</span> <span class='ocrx_word' id='word_1_183' title='bbox 1190 1585 1350 1625; x_wconf 87' lang='lat' dir='ltr'>rediret.</span> <span class='ocrx_word' id='word_1_184' title='bbox 1412 1583 1586 1624; x_wconf 88' lang='lat' dir='ltr'>Interim</span> <span class='ocrx_word' id='word_1_185' title='bbox 1615 1582 1682 1625; x_wconf 89' lang='lat' dir='ltr'>M.</span> 
     </span>
     <span class='ocr_line' id='line_1_24' title="bbox 365 1643 1684 1697; baseline -0.002 -13"><span class='ocrx_word' id='word_1_186' title='bbox 365 1643 509 1684; x_wconf 86' lang='lat' dir='ltr'>Raecio</span> <span class='ocrx_word' id='word_1_187' title='bbox 538 1645 703 1697; x_wconf 86' lang='lat' dir='ltr'>praetori</span> <span class='ocrx_word' id='word_1_188' title='bbox 725 1644 979 1692; x_wconf 89' lang='lat' dir='ltr'>mandatum,</span> <span class='ocrx_word' id='word_1_189' title='bbox 1003 1653 1045 1684; x_wconf 88' lang='lat' dir='ltr'>ut</span> <span class='ocrx_word' id='word_1_190' title='bbox 1076 1643 1210 1683; x_wconf 60' lang='lat' dir='ltr'>edicio</span> <span class='ocrx_word' id='word_1_191' title='bbox 1232 1643 1434 1683; x_wconf 87' lang='lat' dir='ltr'>senatores</span> <span class='ocrx_word' id='word_1_192' title='bbox 1465 1655 1608 1682; x_wconf 89' lang='lat' dir='ltr'>omnes</span> <span class='ocrx_word' id='word_1_193' title='bbox 1629 1653 1684 1682; x_wconf 85' lang='lat' dir='ltr'>ex</span> 
     </span>
     <span class='ocr_line' id='line_1_25' title="bbox 365 1701 1683 1756; baseline -0.002 -14"><span class='ocrx_word' id='word_1_194' title='bbox 365 1701 451 1742; x_wconf 67' lang='lat' dir='ltr'>tota</span> <span class='ocrx_word' id='word_1_195' title='bbox 471 1702 584 1742; x_wconf 69' lang='lat' dir='ltr'>Italia</span> <span class='ocrx_word' id='word_1_196' title='bbox 606 1703 694 1755; x_wconf 84' lang='lat' dir='ltr'>(nifi</span> <span class='ocrx_word' id='word_1_197' title='bbox 716 1701 786 1756; x_wconf 87' lang='lat' dir='ltr'>qui</span> <span class='ocrx_word' id='word_1_198' title='bbox 815 1701 1049 1755; x_wconf 84' lang='lat' dir='ltr'>reipublicae</span> <span class='ocrx_word' id='word_1_199' title='bbox 1066 1702 1178 1742; x_wconf 66' lang='lat' dir='ltr'>causa</span> <span class='ocrx_word' id='word_1_200' title='bbox 1203 1702 1398 1756; x_wconf 85' lang='lat' dir='ltr'>abeffent)</span> <span class='ocrx_word' id='word_1_201' title='bbox 1419 1701 1600 1741; x_wconf 87' lang='lat' dir='ltr'>Romam</span> <span class='ocrx_word' id='word_1_202' title='bbox 1618 1712 1683 1739; x_wconf 84' lang='lat' dir='ltr'>re-</span> 
     </span>
     <span class='ocr_line' id='line_1_26' title="bbox 364 1758 1683 1818; baseline -0.002 -17"><span class='ocrx_word' id='word_1_203' title='bbox 364 1771 539 1802; x_wconf 75' lang='lat' dir='ltr'>vocaret.</span> <span class='ocrx_word' id='word_1_204' title='bbox 574 1761 659 1818; x_wconf 77' lang='lat' dir='ltr'>Qui</span> <span class='ocrx_word' id='word_1_205' title='bbox 673 1761 820 1802; x_wconf 88' lang='lat' dir='ltr'>Romae</span> <span class='ocrx_word' id='word_1_206' title='bbox 837 1760 977 1811; x_wconf 74' lang='lat' dir='ltr'>essent,</span> <span class='ocrx_word' id='word_1_207' title='bbox 998 1764 1059 1815; x_wconf 88' lang='lat'>(2)</span> <span class='ocrx_word' id='word_1_208' title='bbox 1077 1774 1129 1801; x_wconf 91' lang='lat' dir='ltr'>ne</span> <span class='ocrx_word' id='word_1_209' title='bbox 1147 1760 1237 1815; x_wconf 90' lang='lat' dir='ltr'>quis</span> <span class='ocrx_word' id='word_1_210' title='bbox 1252 1761 1357 1801; x_wconf 89' lang='lat' dir='ltr'>ultra</span> <span class='ocrx_word' id='word_1_211' title='bbox 1372 1760 1482 1800; x_wconf 87' lang='lat' dir='ltr'>mille</span> <span class='ocrx_word' id='word_1_212' title='bbox 1498 1758 1683 1813; x_wconf 75' lang='lat' dir='ltr'>pafl&#39;uum</span> 
     </span>
     <span class='ocr_line' id='line_1_27' title="bbox 363 1815 1682 1868; baseline -0.001 -10"><span class='ocrx_word' id='word_1_213' title='bbox 363 1818 413 1859; x_wconf 81' lang='lat' dir='ltr'>ab</span> <span class='ocrx_word' id='word_1_214' title='bbox 452 1819 586 1860; x_wconf 71' lang='lat' dir='ltr'>Roma</span> <span class='ocrx_word' id='word_1_215' title='bbox 621 1818 777 1861; x_wconf 80' lang='lat' dir='ltr'>abesset.</span> <span class='ocrx_word' id='word_1_216' title='bbox 839 1818 911 1867; x_wconf 90' lang='lat' dir='ltr'>Ea,</span> <span class='ocrx_word' id='word_1_217' title='bbox 933 1818 992 1859; x_wconf 89' lang='lat' dir='ltr'>uti</span> <span class='ocrx_word' id='word_1_218' title='bbox 1025 1818 1184 1860; x_wconf 86' lang='lat' dir='ltr'>senatus</span> <span class='ocrx_word' id='word_1_219' title='bbox 1216 1818 1385 1868; x_wconf 88' lang='lat' dir='ltr'>censuit,</span> <span class='ocrx_word' id='word_1_220' title='bbox 1422 1817 1514 1858; x_wconf 89' lang='lat' dir='ltr'>sunt</span> <span class='ocrx_word' id='word_1_221' title='bbox 1555 1815 1682 1858; x_wconf 68' lang='lat' dir='ltr'>faeta.</span> 
     </span>
    </p>

    <p class='ocr_par' dir='ltr' id='par_1_4' title="bbox 144 1875 1685 2050">
     <span class='ocr_line' id='line_1_28' title="bbox 144 1875 1684 1932; baseline -0.002 -14"><span class='ocrx_word' id='word_1_222' title='bbox 144 1898 276 1932; x_wconf 52' lang='lat' dir='ltr'>emme,</span> <span class='ocrx_word' id='word_1_223' title='bbox 363 1877 541 1918; x_wconf 87' lang='lat' dir='ltr'>Comitia</span> <span class='ocrx_word' id='word_1_224' title='bbox 573 1877 798 1919; x_wconf 89' lang='lat' dir='ltr'>consularia</span> <span class='ocrx_word' id='word_1_225' title='bbox 826 1880 849 1930; x_wconf 80' lang='lat' dir='ltr'>ss</span> <span class='ocrx_word' id='word_1_226' title='bbox 881 1886 973 1917; x_wconf 88' lang='lat' dir='ltr'>ante</span> <span class='ocrx_word' id='word_1_227' title='bbox 994 1877 1102 1918; x_wconf 88' lang='lat' dir='ltr'>diem</span> <span class='ocrx_word' id='word_1_228' title='bbox 1126 1878 1316 1931; x_wconf 87' lang='lat' dir='ltr'>quintum</span> <span class='ocrx_word' id='word_1_229' title='bbox 1345 1876 1553 1918; x_wconf 82' lang='lat' dir='ltr'>Kalendas</span> <span class='ocrx_word' id='word_1_230' title='bbox 1581 1875 1684 1930; x_wconf 88' lang='lat' dir='ltr'>Sep-</span> 
     </span>
     <span class='ocr_line' id='line_1_29' title="bbox 363 1933 1684 1991; baseline 0 -16"><span class='ocrx_word' id='word_1_231' title='bbox 363 1936 540 1977; x_wconf 79' lang='lat' dir='ltr'>tembres</span> <span class='ocrx_word' id='word_1_232' title='bbox 586 1938 651 1990; x_wconf 89' lang='lat'>(3)</span> <span class='ocrx_word' id='word_1_233' title='bbox 688 1935 816 1976; x_wconf 83' lang='lat' dir='ltr'>fuere.</span> <span class='ocrx_word' id='word_1_234' title='bbox 879 1935 1014 1976; x_wconf 82' lang='lat' dir='ltr'>creati</span> <span class='ocrx_word' id='word_1_235' title='bbox 1056 1936 1239 1977; x_wconf 88' lang='lat' dir='ltr'>consules</span> <span class='ocrx_word' id='word_1_236' title='bbox 1276 1937 1366 1976; x_wconf 82' lang='lat' dir='ltr'>sunt</span> <span class='ocrx_word' id='word_1_237' title='bbox 1400 1935 1455 1991; x_wconf 79' lang='lat' dir='ltr'>Q.</span> <span class='ocrx_word' id='word_1_238' title='bbox 1495 1933 1684 1975; x_wconf 84' lang='lat' dir='ltr'>Marcius</span> 
     </span>
     <span class='ocr_line' id='line_1_30' title="bbox 362 1991 1685 2050; baseline -0.003 -15"><span class='ocrx_word' id='word_1_239' title='bbox 362 1994 574 2050; x_wconf 80' lang='lat' dir='ltr'>Philippus</span> <span class='ocrx_word' id='word_1_240' title='bbox 589 1995 737 2035; x_wconf 85' lang='lat' dir='ltr'>iterum</span> <span class='ocrx_word' id='word_1_241' title='bbox 756 1996 793 2034; x_wconf 86' lang='lat'>&amp;</span> <span class='ocrx_word' id='word_1_242' title='bbox 809 1992 886 2035; x_wconf 92' lang='lat' dir='ltr'>Cn.</span> <span class='ocrx_word' id='word_1_243' title='bbox 906 1993 1099 2036; x_wconf 87' lang='lat' dir='ltr'>Servilius</span> <span class='ocrx_word' id='word_1_244' title='bbox 1116 1995 1272 2050; x_wconf 81' lang='lat' dir='ltr'>Caepio.</span> <span class='ocrx_word' id='word_1_245' title='bbox 1290 1994 1378 2050; x_wconf 91' lang='lat' dir='ltr'>post</span> <span class='ocrx_word' id='word_1_246' title='bbox 1392 1993 1501 2034; x_wconf 86' lang='lat' dir='ltr'>diem</span> <span class='ocrx_word' id='word_1_247' title='bbox 1516 1991 1685 2032; x_wconf 88' lang='lat' dir='ltr'>tertium</span> 
     </span>
    </p>

    <p class='ocr_par' dir='ltr' id='par_1_5' title="bbox 366 2050 1684 2107">
     <span class='ocr_line' id='line_1_31' title="bbox 366 2050 1684 2107; baseline -0.002 -14"><span class='ocrx_word' id='word_1_248' title='bbox 366 2064 559 2107; x_wconf 87' lang='lat' dir='ltr'>praetores</span> <span class='ocrx_word' id='word_1_249' title='bbox 583 2053 673 2093; x_wconf 86' lang='lat' dir='ltr'>sunt</span> <span class='ocrx_word' id='word_1_250' title='bbox 686 2052 787 2094; x_wconf 61' lang='lat' dir='ltr'>faui</span> <span class='ocrx_word' id='word_1_251' title='bbox 810 2054 859 2094; x_wconf 90' lang='lat' dir='ltr'>C.</span> <span class='ocrx_word' id='word_1_252' title='bbox 883 2052 1116 2101; x_wconf 86' lang='lat' dir='ltr'>Decimius,</span> <span class='ocrx_word' id='word_1_253' title='bbox 1138 2054 1203 2095; x_wconf 92' lang='lat' dir='ltr'>M.</span> <span class='ocrx_word' id='word_1_254' title='bbox 1228 2052 1426 2094; x_wconf 87' lang='lat' dir='ltr'>Claudius</span> <span class='ocrx_word' id='word_1_255' title='bbox 1443 2050 1684 2101; x_wconf 84' lang='lat' dir='ltr'>Marcellus,</span> 
     </span>
    </p>

    <p class='ocr_par' dir='ltr' id='par_1_6' title="bbox 362 2108 1685 2167">
     <span class='ocr_line' id='line_1_32' title="bbox 362 2108 1685 2167; baseline -0.003 -15"><span class='ocrx_word' id='word_1_256' title='bbox 362 2111 412 2152; x_wconf 89' lang='lat' dir='ltr'>C.</span> <span class='ocrx_word' id='word_1_257' title='bbox 445 2111 652 2166; x_wconf 88' lang='lat' dir='ltr'>Sulpicius</span> <span class='ocrx_word' id='word_1_258' title='bbox 693 2112 854 2161; x_wconf 86' lang='lat' dir='ltr'>Gallus,</span> <span class='ocrx_word' id='word_1_259' title='bbox 887 2110 936 2152; x_wconf 93' lang='lat' dir='ltr'>C.</span> <span class='ocrx_word' id='word_1_260' title='bbox 977 2112 1161 2155; x_wconf 87' lang='lat' dir='ltr'>Marcius</span> <span class='ocrx_word' id='word_1_261' title='bbox 1199 2112 1381 2167; x_wconf 89' lang='lat' dir='ltr'>Figulus,</span> <span class='ocrx_word' id='word_1_262' title='bbox 1418 2110 1506 2151; x_wconf 85' lang='lat' dir='ltr'>Ser.</span> <span class='ocrx_word' id='word_1_263' title='bbox 1528 2108 1685 2150; x_wconf 87' lang='lat' dir='ltr'>Corne·</span> 
     </span>
    </p>

    <p class='ocr_par' dir='ltr' id='par_1_7' title="bbox 361 2166 1682 2225">
     <span class='ocr_line' id='line_1_33' title="bbox 361 2166 1682 2225; baseline -0.001 -17"><span class='ocrx_word' id='word_1_264' title='bbox 361 2170 441 2210; x_wconf 86' lang='lat' dir='ltr'>lius</span> <span class='ocrx_word' id='word_1_265' title='bbox 462 2171 677 2220; x_wconf 82' lang='lat' dir='ltr'>Lentulus,</span> <span class='ocrx_word' id='word_1_266' title='bbox 699 2170 746 2211; x_wconf 87' lang='lat' dir='ltr'>P.</span> <span class='ocrx_word' id='word_1_267' title='bbox 769 2170 963 2210; x_wconf 82' lang='lat' dir='ltr'>Fonteius</span> <span class='ocrx_word' id='word_1_268' title='bbox 981 2169 1139 2224; x_wconf 84' lang='lat' dir='ltr'>Capito.</span> <span class='ocrx_word' id='word_1_269' title='bbox 1174 2170 1406 2225; x_wconf 85' lang='lat' dir='ltr'>Delignatis</span> <span class='ocrx_word' id='word_1_270' title='bbox 1423 2166 1682 2224; x_wconf 78' lang='lat' dir='ltr'>praetoribus,</span> 
     </span>
    </p>

    <p class='ocr_par' dir='ltr' id='par_1_8' title="bbox 362 2227 1683 2342">
     <span class='ocr_line' id='line_1_34' title="bbox 362 2227 1682 2284; baseline -0.001 -17"><span class='ocrx_word' id='word_1_271' title='bbox 362 2237 509 2281; x_wconf 78' lang='lat' dir='ltr'>praeter</span> <span class='ocrx_word' id='word_1_272' title='bbox 539 2230 638 2269; x_wconf 84' lang='lat' dir='ltr'>duas</span> <span class='ocrx_word' id='word_1_273' title='bbox 672 2228 860 2277; x_wconf 88' lang='lat' dir='ltr'>urbanas,</span> <span class='ocrx_word' id='word_1_274' title='bbox 897 2239 1073 2282; x_wconf 86' lang='lat' dir='ltr'>quatuor</span> <span class='ocrx_word' id='word_1_275' title='bbox 1097 2229 1317 2284; x_wconf 85' lang='lat' dir='ltr'>provinciae</span> <span class='ocrx_word' id='word_1_276' title='bbox 1348 2228 1440 2268; x_wconf 91' lang='lat' dir='ltr'>sunt</span> <span class='ocrx_word' id='word_1_277' title='bbox 1475 2227 1682 2274; x_wconf 85' lang='lat' dir='ltr'>decretae;</span> 
     </span>
     <span class='ocr_line' id='line_1_35' title="bbox 362 2284 1683 2342; baseline -0.002 -16"><span class='ocrx_word' id='word_1_278' title='bbox 362 2286 575 2341; x_wconf 81' lang='lat' dir='ltr'>Hispania,</span> <span class='ocrx_word' id='word_1_279' title='bbox 595 2289 632 2328; x_wconf 73' lang='lat'>8&lt;</span> <span class='ocrx_word' id='word_1_280' title='bbox 657 2287 857 2335; x_wconf 77' lang='lat' dir='ltr'>Sardinia,</span> <span class='ocrx_word' id='word_1_281' title='bbox 874 2289 913 2328; x_wconf 72' lang='grc' dir='ltr'>δι</span> <span class='ocrx_word' id='word_1_282' title='bbox 930 2286 1086 2339; x_wconf 86' lang='lat' dir='ltr'>Sicilia,</span> <span class='ocrx_word' id='word_1_283' title='bbox 1102 2289 1141 2327; x_wconf 89' lang='lat'>&amp;</span> <span class='ocrx_word' id='word_1_284' title='bbox 1156 2286 1294 2328; x_wconf 87' lang='lat' dir='ltr'>claffis.</span> <span class='ocrx_word' id='word_1_285' title='bbox 1313 2285 1456 2342; x_wconf 85' lang='lat' dir='ltr'>Legati</span> <span class='ocrx_word' id='word_1_286' title='bbox 1473 2298 1523 2325; x_wconf 87' lang='lat' dir='ltr'>ex</span> <span class='ocrx_word' id='word_1_287' title='bbox 1539 2284 1683 2325; x_wconf 90' lang='lat' dir='ltr'>Mace-</span> 
     </span>
    </p>

    <p class='ocr_par' dir='ltr' id='par_1_9' title="bbox 137 2342 1681 2509">
     <span class='ocr_line' id='line_1_36' title="bbox 362 2342 1680 2398; baseline -0.002 -13"><span class='ocrx_word' id='word_1_288' title='bbox 362 2346 501 2398; x_wconf 71' lang='lat' dir='ltr'>donia,</span> <span class='ocrx_word' id='word_1_289' title='bbox 542 2345 689 2386; x_wconf 61' lang='lat' dir='ltr'>exacto</span> <span class='ocrx_word' id='word_1_290' title='bbox 714 2352 729 2396; x_wconf 81' lang='grc' dir='ltr'>Η</span> <span class='ocrx_word' id='word_1_291' title='bbox 766 2345 989 2385; x_wconf 87' lang='lat' dir='ltr'>admodum</span> <span class='ocrx_word' id='word_1_292' title='bbox 1022 2345 1156 2385; x_wconf 89' lang='lat' dir='ltr'>mense</span> <span class='ocrx_word' id='word_1_293' title='bbox 1189 2345 1422 2393; x_wconf 85' lang='lat' dir='ltr'>Februario,</span> <span class='ocrx_word' id='word_1_294' title='bbox 1456 2342 1680 2384; x_wconf 82' lang='lat' dir='ltr'>redierunt.</span> 
     </span>
     <span class='ocr_line' id='line_1_37' title="bbox 137 2398 1681 2500; baseline -0.002 -56"><span class='ocrx_word' id='word_1_295' title='bbox 137 2398 342 2476; x_wconf 49' lang='grc' dir='ltr'>ῗῖἱὲζῖῥκῃ</span> <span class='ocrx_word' id='word_1_296' title='bbox 363 2403 435 2453; x_wconf 76' lang='lat' dir='ltr'>Hi,</span> <span class='ocrx_word' id='word_1_297' title='bbox 452 2418 552 2459; x_wconf 76' lang='lat' dir='ltr'>quas</span> <span class='ocrx_word' id='word_1_298' title='bbox 574 2418 636 2445; x_wconf 88' lang='lat' dir='ltr'>res</span> <span class='ocrx_word' id='word_1_299' title='bbox 658 2403 703 2444; x_wconf 66' lang='lat' dir='ltr'>est</span> <span class='ocrx_word' id='word_1_300' title='bbox 722 2403 856 2445; x_wconf 82' lang='lat' dir='ltr'>aestate</span> <span class='ocrx_word' id='word_1_301' title='bbox 879 2403 1067 2458; x_wconf 84' lang='lat' dir='ltr'>prospere</span> <span class='ocrx_word' id='word_1_302' title='bbox 1089 2403 1254 2460; x_wconf 83' lang='lat' dir='ltr'>gestiffet</span> <span class='ocrx_word' id='word_1_303' title='bbox 1272 2417 1343 2445; x_wconf 83' lang='lat' dir='ltr'>rex</span> <span class='ocrx_word' id='word_1_304' title='bbox 1358 2401 1544 2451; x_wconf 84' lang='lat' dir='ltr'>Perseus,</span> <span class='ocrx_word' id='word_1_305' title='bbox 1568 2399 1681 2500; x_wconf 54' lang='lat' dir='ltr'>gefe·</span> 
     </span>
     <span class='ocr_line' id='line_1_38' title="bbox 164 2462 1681 2509; baseline 0 -11"><span class='ocrx_word' id='word_1_306' title='bbox 164 2488 187 2498; x_wconf 76' lang='grc'>.,</span> <span class='ocrx_word' id='word_1_307' title='bbox 245 2462 270 2474; x_wconf 74' lang='grc'>·”</span> <span class='ocrx_word' id='word_1_308' title='bbox 295 2463 320 2474; x_wconf 69' lang='lat'>¹·</span> <span class='ocrx_word' id='word_1_309' title='bbox 1522 2473 1566 2501; x_wconf 88' lang='lat' dir='ltr'>re</span> <span class='ocrx_word' id='word_1_310' title='bbox 1596 2468 1681 2509; x_wconf 86' lang='lat' dir='ltr'>ant,</span> 
     </span>
    </p>
   </div>
   <div class='ocr_carea' id='block_1_3' title="bbox 136 2501 205 2522">
    <p class='ocr_par' dir='ltr' id='par_1_10' title="bbox 136 2501 205 2522">
     <span class='ocr_line' id='line_1_39' title="bbox 136 2501 205 2522; baseline 0 -5"><span class='ocrx_word' id='word_1_311' title='bbox 136 2501 205 2522; x_wconf 55' lang='lat' dir='ltr'>nra„</span> 
     </span>
    </p>
   </div>
   <div class='ocr_carea' id='block_1_4' title="bbox 352 2573 1684 2712">
    <p class='ocr_par' dir='ltr' id='par_1_11' title="bbox 352 2573 1684 2712">
     <span class='ocr_line' id='line_1_40' title="bbox 352 2573 1684 2624; baseline -0.001 -15"><span class='ocrx_word' id='word_1_312' title='bbox 352 2584 492 2622; x_wconf 72' lang='lat' dir='ltr'>jurarent</span> <span class='ocrx_word' id='word_1_313' title='bbox 504 2583 538 2624; x_wconf 64' lang='lat' dir='ltr'>se</span> <span class='ocrx_word' id='word_1_314' title='bbox 557 2583 706 2617; x_wconf 72' lang='lat' dir='ltr'>redituros,</span> <span class='ocrx_word' id='word_1_315' title='bbox 719 2587 870 2622; x_wconf 79' lang='lat' dir='ltr'>acceptum.</span> <span class='ocrx_word' id='word_1_316' title='bbox 917 2581 929 2622; x_wconf 94' lang='lat'>(</span> <span class='ocrx_word' id='word_1_317' title='bbox 936 2579 977 2621; x_wconf 85' lang='lat'>3)</span> <span class='ocrx_word' id='word_1_318' title='bbox 990 2579 1163 2622; x_wconf 69' lang='lat' dir='ltr'>Potiussub</span> <span class='ocrx_word' id='word_1_319' title='bbox 1178 2581 1197 2622; x_wconf 58' lang='grc' dir='ltr'>ψ</span> <span class='ocrx_word' id='word_1_320' title='bbox 1213 2583 1281 2619; x_wconf 59' lang='lat' dir='ltr'>iau,</span> <span class='ocrx_word' id='word_1_321' title='bbox 1294 2576 1572 2622; x_wconf 82' lang='lat' dir='ltr'>quemadmodum</span> <span class='ocrx_word' id='word_1_322' title='bbox 1584 2573 1684 2618; x_wconf 63' lang='lat' dir='ltr'>supri</span> 
     </span>
     <span class='ocr_line' id='line_1_41' title="bbox 402 2625 1260 2668; baseline 0 -11"><span class='ocrx_word' id='word_1_323' title='bbox 402 2635 452 2664; x_wconf 84' lang='lat'>37.</span> <span class='ocrx_word' id='word_1_324' title='bbox 467 2636 493 2656; x_wconf 88' lang='lat' dir='ltr'>c.</span> <span class='ocrx_word' id='word_1_325' title='bbox 512 2636 565 2664; x_wconf 79' lang='lat'>27.</span> <span class='ocrx_word' id='word_1_326' title='bbox 589 2626 698 2658; x_wconf 83' lang='lat' dir='ltr'>Solent</span> <span class='ocrx_word' id='word_1_327' title='bbox 719 2634 829 2658; x_wconf 85' lang='lat' dir='ltr'>autem</span> <span class='ocrx_word' id='word_1_328' title='bbox 846 2628 920 2658; x_wconf 66' lang='grc' dir='ltr'>ι’έῖιιε</span> <span class='ocrx_word' id='word_1_329' title='bbox 937 2627 1074 2668; x_wconf 68' lang='lat' dir='ltr'>&amp;jacias</span> <span class='ocrx_word' id='word_1_330' title='bbox 1089 2625 1260 2659; x_wconf 86' lang='lat' dir='ltr'>confundi.</span> 
     </span>
     <span class='ocr_line' id='line_1_42' title="bbox 409 2664 1684 2712; baseline -0.005 -9"><span class='ocrx_word' id='word_1_331' title='bbox 409 2673 447 2703; x_wconf 87' lang='lat' dir='ltr'>C.</span> <span class='ocrx_word' id='word_1_332' title='bbox 467 2679 519 2702; x_wconf 71' lang='grc' dir='ltr'>Π.</span> <span class='ocrx_word' id='word_1_333' title='bbox 555 2673 610 2712; x_wconf 66' lang='lat' dir='ltr'>(J)</span> <span class='ocrx_word' id='word_1_334' title='bbox 635 2672 738 2703; x_wconf 85' lang='lat' dir='ltr'>Vacat</span> <span class='ocrx_word' id='word_1_335' title='bbox 761 2670 815 2703; x_wconf 80' lang='lat' dir='ltr'>hic</span> <span class='ocrx_word' id='word_1_336' title='bbox 844 2672 878 2703; x_wconf 63' lang='lat' dir='ltr'>eb</span> <span class='ocrx_word' id='word_1_337' title='bbox 900 2674 1038 2708; x_wconf 80' lang='lat' dir='ltr'>comitia;</span> <span class='ocrx_word' id='word_1_338' title='bbox 1077 2670 1132 2704; x_wconf 83' lang='lat' dir='ltr'>sed</span> <span class='ocrx_word' id='word_1_339' title='bbox 1155 2683 1222 2705; x_wconf 87' lang='lat' dir='ltr'>non</span> <span class='ocrx_word' id='word_1_340' title='bbox 1253 2670 1328 2703; x_wconf 85' lang='lat' dir='ltr'>ideo</span> <span class='ocrx_word' id='word_1_341' title='bbox 1351 2668 1526 2701; x_wconf 82' lang='lat' dir='ltr'>delendum</span> <span class='ocrx_word' id='word_1_342' title='bbox 1545 2664 1684 2698; x_wconf 84' lang='lat' dir='ltr'>constat.</span> 
     </span>
    </p>
   </div>
   <div class='ocr_carea' id='block_1_5' title="bbox 362 2714 1685 2801">
    <p class='ocr_par' dir='ltr' id='par_1_12' title="bbox 362 2714 1685 2801">
     <span class='ocr_line' id='line_1_43' title="bbox 362 2714 1685 2801; baseline -0.002 -54"><span class='ocrx_word' id='word_1_343' title='bbox 362 2715 417 2756; x_wconf 79' lang='lat'>(2)</span> <span class='ocrx_word' id='word_1_344' title='bbox 434 2715 539 2749; x_wconf 47' lang='lat' dir='ltr'>*imile</span> <span class='ocrx_word' id='word_1_345' title='bbox 558 2717 700 2749; x_wconf 52' lang='lat' dir='ltr'>edietum</span> <span class='ocrx_word' id='word_1_346' title='bbox 714 2716 855 2750; x_wconf 80' lang='lat' dir='ltr'>occurrit</span> <span class='ocrx_word' id='word_1_347' title='bbox 871 2717 962 2761; x_wconf 62' lang='lat' dir='ltr'>supra</span> <span class='ocrx_word' id='word_1_348' title='bbox 979 2715 1063 2758; x_wconf 73' lang='lat' dir='ltr'>L36.</span> <span class='ocrx_word' id='word_1_349' title='bbox 1075 2727 1103 2751; x_wconf 84' lang='lat' dir='ltr'>c.</span> <span class='ocrx_word' id='word_1_350' title='bbox 1120 2727 1152 2759; x_wconf 79' lang='lat'>3.</span> <span class='ocrx_word' id='word_1_351' title='bbox 1179 2719 1235 2762; x_wconf 75' lang='lat'>(3)</span> <span class='ocrx_word' id='word_1_352' title='bbox 1249 2717 1337 2760; x_wconf 78' lang='lat' dir='ltr'>Lege</span> <span class='ocrx_word' id='word_1_353' title='bbox 1349 2714 1483 2747; x_wconf 82' lang='lat' dir='ltr'>omnino</span> <span class='ocrx_word' id='word_1_354' title='bbox 1492 2714 1685 2801; x_wconf 42' lang='lat' dir='ltr'>Februgtr&#39;igss</span> 
     </span>
    </p>
   </div>
  </div>
 </body>
</html>
