1830 3131
173 228 256 279 284

747 226 1131 270 EPITOME
1188 226 1285 269 Lm.
1312 229 1380 283 89.

398 338 523 394 posse,
555 354 651 383 cum
682 341 832 386 Pontio
869 344 1071 394 Telefino,
1101 343 1211 400 fugae
1245 343 1410 392 comite,
1441 340 1583 384 striae
1604 342 1734 384 utrin-

398 412 482 453 que
503 399 656 454 gladio,
688 403 922 444 concurrit:
949 417 1071 457 quem
1113 417 1243 456 quum
1277 401 1499 454 occidisset,
1533 400 1616 457 ipse
1645 401 1734 444 sau-

397 458 483 499 cius
503 458 733 515 impetravit
750 477 772 502 a
795 462 921 512 servo,
955 471 998 502 ut
1029 460 1068 502 se
1089 461 1310 504 occideret.

789 597 828 638 L
844 597 864 638 I
882 596 918 638 B
939 596 978 637 R
993 596 1013 637 I
1075 595 1351 638 LXXXIX.

398 680 514 765 Μ,
549 711 702 753 Brutus
738 729 761 754 a
794 711 871 753 Cn.
910 711 1074 766 Papirio
1098 710 1303 761 Carbone,
1334 711 1406 767 qui
1427 710 1638 754 Coffuram
1661 724 1734 766 ap-

394 767 570 820 pulerat,
603 771 739 813 miffus
762 786 863 812 nave
886 771 1098 826 piscatoria
1133 771 1380 826 Lilybaeum,
1413 781 1458 811 ut
1485 770 1734 825 exploraret,

394 839 447 864 an
467 826 522 867 ibi
545 830 764 884 Pompeius
800 830 912 882 effer,
946 833 987 871 <Sc
1026 830 1328 870 circumventus
1366 844 1388 869 a
1412 827 1598 878 navibus,
1629 842 1730 883 quas

393 883 619 941 Pompeius
658 889 836 937 miserat,
868 889 909 928 in
953 888 990 928 se
1023 902 1218 928 mucrone
1251 888 1381 939 verso,
1413 888 1465 929 ad
1505 897 1731 928 transtrum

393 943 507 986 navis
546 945 724 987 obnixus
765 946 948 1001 corporis
989 949 1188 1001 pondere,
1220 947 1426 988 incubuit.
1487 945 1565 988 Cn.
1605 946 1730 988 Pom-

391 1002 524 1054 peius,
557 1004 599 1043 in
640 1005 822 1045 Siciliam
858 1019 953 1046 cum
996 1005 1166 1059 imperio
1221 1021 1243 1045 a
1275 1005 1414 1046 senatu
1455 1004 1610 1054 mi-ffu5‚
1646 1003 1731 1046 Cn.

392 1058 645 1111 Carbonem,
678 1065 750 1118 qui
786 1064 886 1105 flens
927 1064 1179 1104 muliebriter
1202 1074 1379 1105 mortem
1420 1063 1529 1114 tulit,
1561 1071 1731 1117 captum

390 1119 558 1160 occidit.
620 1122 751 1171 Sulla,
785 1123 961 1164 dietator
994 1122 1145 1171 faetus,
1178 1123 1290 1177 quod
1320 1137 1442 1163 nemo
1464 1120 1732 1176 unquam'fe-

391 1188 517 1229 cerat,
548 1194 645 1220 cum
660 1180 833 1222 fascibus
855 1182 998 1236 viginti
1022 1192 1194 1235 quatuor
1219 1184 1426 1235 processit.
1490 1179 1634 1222 Rebus
1656 1194 1732 1221 no-

390 1237 451 1277 vis
473 1238 709 1293 reipublicae
727 1240 871 1280 statum
895 1240 1169 1288 confirmavit,
1203 1240 1463 1280 tribunorum
1495 1238 1624 1294 plebis
1655 1253 1730 1293 po-

390 1295 575 1337 testatem
602 1299 764 1347 minuit,
797 1302 838 1341 &
859 1313 980 1338 omne
1008 1299 1076 1353 jus
1113 1299 1249 1351 legum
1273 1297 1536 1340 ferendarum
1559 1297 1726 1344 ademit,

391 1354 642 1397 Pontificum
686 1371 970 1412 augurumque
1013 1358 1231 1412 collegium
1269 1356 1491 1412 ampliavit,
1525 1365 1570 1397 ut
1605 1356 1730 1397 effent

391 1413 658 1466 quindecim3
692 1416 875 1456 senatum
906 1430 958 1456 ex
1001 1417 1175 1470 equellri
1212 1415 1353 1457 ordine
1377 1414 1602 1470 supplevit:
1633 1428 1728 1470 pro-

389 1470 633 1526 scriptorum
673 1474 808 1515 liberis
838 1475 906 1530 jus
942 1477 1214 1528 petendorum
1251 1474 1456 1515 honorum
1485 1473 1649 1529 eripuit,
1684 1475 1725 1514 &

389 1528 497 1570 bona
528 1545 673 1572 eorum
705 1533 911 1572 vendidit:
943 1546 997 1573 ex
1035 1533 1183 1587 quibus
1220 1533 1395 1587 plurima
1418 1532 1554 1588 primo
1575 1531 1726 1588 rapuit.

389 1588 604 1630 temetum
653 1590 709 1630 est
752 1588 977 1631 sestertium
1020 1599 1080 1630 ter
1121 1591 1266 1631 millies
1309 1591 1582 1646 quingenties.

388 1646 628 1689 Lucretium
643 1648 842 1697 Ofellam,
862 1649 1118 1689 consulatum
1136 1647 1324 1690 adversus
1339 1651 1591 1691 voluntatem
1611 1649 1725 1690 suam

387 1716 526 1760 petere
556 1708 717 1758 ausum,
744 1708 853 1763 jussit
884 1708 1016 1748 occidi
1057 1708 1098 1747 in
1130 1707 1248 1748 forot
1286 1711 1344 1758 δι,
1380 1721 1509 1762 quum
1549 1707 1628 1749 hoc
1662 1707 1726 1747 in-

387 1764 510 1817 digne
534 1765 658 1806 ferret
681 1768 858 1821 populus
882 1767 1113 1816 Romanus,
1136 1769 1330 1807 concione
1353 1766 1564 1816 advocata,
1582 1765 1620 1806 se
1637 1765 1725 1822 jus-

387 1823 468 1863 fiffe
498 1824 616 1866 dixit.
679 1826 756 1865 Cn.
779 1825 1001 1879 Pompeius
1030 1825 1071 1864 in
1096 1824 1240 1865 Africa
1274 1823 1352 1865 Cn.
1372 1824 1607 1865 Domitium
1626 1838 1723 1880 pro-

386 1882 582 1937 scriptum
606 1886 646 1937 βε
669 1883 886 1932 Hiarbam‚
920 1896 1058 1940 regem
1096 1883 1322 1933 Numidiae,
1354 1882 1508 1923 bellum
1549 1884 1724 1924 molien-

385 1950 463 1992 tes,
495 1941 627 1983 vietos
662 1942 837 1984 occidit:
871 1952 927 1991 et,
960 1953 1138 1997 quatuor
1172 1952 1212 1982 et
1253 1942 1398 1997 viginti
1434 1956 1563 1984 annos
1584 1951 1725 1994 natus,

383 1999 518 2040 adhuc
540 2014 666 2054 eques
698 2001 928 2049 Romanus,
962 2001 1075 2055 quod
1103 2000 1205 2041 nulli
1227 2001 1470 2057 contigerat,
1502 2015 1552 2041 ex
1577 1999 1722 2043 Afric&

384 2057 664 2112 triumphavit.
731 2058 808 2100 Cn.
848 2058 1069 2101 Norbanus
1115 2058 1336 2100 consularis
1383 2058 1647 2114 proscriptus,
1678 2059 1721 2100 in

384 2116 484 2156 urbe
521 2116 674 2158 Rhodo
724 2131 853 2172 quum
887 2118 1319 2172 comprehenderetur,
1350 2117 1432 2173 ipse
1475 2117 1514 2158 se
1554 2117 1718 2159 occidit.

384 2175 580 2225 Mutilus,
614 2190 720 2217 unus
753 2190 802 2216 ex
836 2177 1086 2231 proscriptis,
1120 2177 1224 2216 (lam
1264 2177 1397 2230 capite
1437 2177 1632 2231 adoperto
1667 2177 1721 2217 ad

382 2233 555 2287 posticas
596 2236 704 2275 aedes
734 2235 878 2276 Bastiae
921 2235 1060 2276 uxoris
1094 2249 1223 2290 quum
1266 2234 1494 2285 acceffiffet‚
1526 2233 1720 2276 admissus

383 2305 468 2332 non
489 2292 561 2341 est,
594 2294 688 2347 quia
710 2294 826 2334 illum
857 2294 1127 2348 proscriptum
1160 2293 1329 2344 diceret,
1362 2294 1500 2348 itaque
1518 2293 1556 2333 se
1591 2292 1720 2334 trans-

383 2349 504 2400 fodit,
536 2353 576 2392 &
600 2352 793 2407 sanguine
835 2352 905 2392 suo
927 2352 1035 2393 fores
1068 2351 1205 2393 uxoris
1233 2351 1429 2406 respersit.
1496 2351 1608 2395 Sulla
1629 2351 1719 2392 No-

382 2410 465 2450 lam
502 2410 544 2449 in
570 2411 734 2452 Samnio
764 2411 930 2465 recepit.
965 2410 1234 2466 quadraginta
1269 2410 1423 2466 septem
1462 2410 1643 2466 legiones
1672 2409 1716 2450 in

382 2482 502 2523 agros
530 2478 670 2524 captos
691 2469 875 2520 deduxit,
909 2473 947 2511 &
967 2483 1037 2510 eos
1060 2470 1107 2510 iis
1124 2469 1268 2510 divifit.
1331 2469 1580 2519 Volaterras,
1601 2468 1716 2522 quod

382 2527 582 2581 oppidum
613 2528 745 2569 adhuc
788 2528 830 2568 in
867 2528 990 2569 armis
1017 2538 1118 2578 erat,
1149 2527 1362 2577 obseffum‚
1395 2528 1437 2568 in
1464 2526 1716 2567 deditionem

382 2585 552 2639 accepit.
614 2587 829 2642 Mitylenae
866 2601 1031 2642 quoque
1063 2587 1105 2626 in
1148 2585 1257 2636 Ana,
1288 2600 1381 2641 quae
1403 2585 1484 2626 sola
1506 2582 1601 2624 urbs
1623 2583 1713 2638 post

381 2642 539 2741 viotusm
564 2645 853 2688 Mithridatem
882 2660 993 2687 arma
1027 2644 1241 2697 retinebat,
1283 2651 1526 2701 expugnatae
1546 2642 1714 2685 dirutae-

382 2713 462 2756 que
504 2713 588 2744 unt.

1512 2789 1703 2834 LIBRI
