1830 3131
457 240 463 242 μ
496 208 530 249 Ε
555 207 698 250 PIT
720 206 761 248 O
785 204 886 247 ME
934 204 1034 247 Lrss.
1060 212 1125 246 59.

147 327 262 367 randi
294 326 547 379 incitaverat)
580 324 712 378 legem
748 322 786 362 se
824 321 1183 377 promulgaturum
1212 318 1402 369 ostendit,
1432 330 1472 359 nt

147 387 195 425 iis
245 387 311 440 qui
350 384 571 439 Sempronia?
608 383 683 436 lege
723 397 863 436 agrum
897 381 1057 434 accipere
1091 378 1272 427 deberent,
1294 381 1475 432 pecunia,

150 460 228 499 quae
245 445 343 499 regis
375 444 501 482 Attali
530 442 668 498 suffit,
701 440 952 480 divideretur.
1014 438 1222 478 Heredem
1241 446 1379 476 autem
1402 452 1474 491 po-

152 504 294 558 pulum
333 502 574 542 Romanum
597 501 816 554 reliquerat
840 499 1020 548 Attalus,
1051 511 1122 536 rex
1151 495 1358 550 Pergami,
1391 496 1478 536 Eu-

152 561 284 602 menis
321 560 442 601 filius.
521 561 592 601 i‘ot
627 557 939 613 inffignitatibus
967 568 1200 598 commotus
1223 554 1398 609 graviter
1420 553 1480 594 se-

153 630 289 669 natus,
323 630 416 663 ante
451 632 594 660 omnes
636 619 688 659 Τ.
715 617 877 659 Annius
898 615 1135 664 consularis,
1165 613 1251 668 qui,
1281 627 1411 667 quum
1437 613 1480 653 in

154 679 294 719 senatu
333 678 374 717 in
418 677 657 719 Gracchum
682 673 913 732 perorizffet,
948 685 1086 730 raptus
1126 672 1174 713 ab
1196 687 1245 713 eo
1276 673 1327 712 ad
1349 686 1483 728 popu—

153 739 257 787 lum,
289 738 528 792 delatusque
563 735 684 791 plebi,
719 735 857 776 rursus
896 735 940 775 in
973 748 1069 775 eum
1103 746 1178 787 pro
1213 730 1351 772 rostris
1384 745 1485 772 con-

154 798 344 838 cionatus
382 798 451 838 est.
532 796 677 854 Qum
739 796 888 835 iterum
946 793 1133 834 tribunus
1175 790 1304 845 plebis
1354 790 1485 832 creari

155 857 277 896 vellet
301 856 536 904 Gracchus,
560 854 726 895 auctore
756 854 802 894 P.
828 853 1025 896 Cornelio
1050 850 1208 900 Naficfi,
1240 849 1280 891 in
1315 849 1484 904 Capito—

155 916 211 955 lio
245 915 294 955 ab
314 915 582 970 optimatibus
619 913 774 954 occisus
809 913 884 964 est,
917 911 1025 953 ictus
1056 907 1239 965 primum
1279 908 1488 964 fragmen-

156 975 208 1015 tis
231 973 526 1022 subselliorum,
563 975 601 1013 ἃ
645 973 752 1012 inter
793 972 908 1021 alios,
940 972 1012 1026 qui
1053 970 1094 1010 in
1127 966 1270 1009 efidem'
1290 967 1486 1013 seditione

157 1033 276 1073 occisa
311 1045 444 1084 erant,
477 1031 702 1086 insepultus
737 1031 776 1072 in
820 1031 975 1071 flumen
997 1028 1220 1086 projeetus.
1286 1029 1369 1070 Res
1386 1041 1490 1082 prae-

157 1102 266 1132 terea
303 1092 345 1131 in
380 1090 520 1134 Sicilia
550 1090 663 1131 vario
696 1091 872 1132 adventu
904 1087 1095 1132 adversus
1127 1086 1322 1144 fugitivos
1356 1086 1488 1142 gestas

158 1161 357 1193 continet.

616 1250 651 1291 L
671 1250 689 1290 Ι
711 1249 745 1289 Β
770 1248 848 1290 RI
915 1248 1031 1290 mx.

161 1334 586 1417 NUMAerw,
620 1366 728 1407 fame
749 1365 902 1418 coacti,
926 1364 996 1420 ipfi
1020 1364 1058 1405 se
1081 1378 1152 1419 per
1173 1364 1306 1405 vicem
1328 1363 1491 1404 traden-

160 1434 220 1465 tes
243 1427 562 1467 trucidaverunt.
627 1425 801 1475 Captam
838 1424 981 1465 urbem
1010 1423 1149 1479 Scipio
1179 1422 1401 1464 Africanus
1418 1423 1492 1462 de-

166 1485 278 1535 levit,
332 1487 371 1527 &
404 1486 453 1524 de
489 1499 536 1525 ea
580 1484 862 1538 triumphavit,
896 1482 1208 1537 quartodecimo
1251 1495 1358 1522 anno
1402 1480 1492 1536 post

160 1543 460 1600 Karthaginem
481 1545 671 1584 deletam.
734 1543 780 1583 P.
798 1542 995 1597 Rupilius
1015 1541 1156 1582 consul
1178 1540 1221 1581 in
1241 1540 1379 1582 Sicilia
1396 1554 1493 1582 cum

163 1604 348 1659 fugitivis
390 1602 619 1644 debellavit.
685 1601 960 1652 Aristonicus,
991 1601 1098 1657 regis
1139 1600 1337 1641 Eumenis
1367 1599 1494 1651 filius,

164 1664 303 1704 Aliam
326 1663 567 1716 occupavit3
601 1677 745 1715 quum,
780 1661 1022 1702 testamento
1060 1660 1192 1702 Attali
1233 1659 1341 1715 regis
1362 1659 1496 1716 legata

163 1724 317 1777 populo
338 1723 545 1770 Romano,
579 1721 703 1762 libera
743 1721 818 1761 effe
853 1719 1033 1761 deberet.
1099 1719 1307 1760 Adversus
1331 1732 1427 1759 eum
1448 1717 1494 1760 P.

164 1781 351 1823 Licinius
373 1781 534 1822 Craffus
556 1780 714 1832 consul,
748 1794 878 1836 quum
917 1779 1027 1820 idem
1068 1778 1259 1834 pontifex
1291 1777 1496 1819 maximus

164 1841 276 1890 effet,
308 1841 437 1896 (quod
474 1854 686 1894 nunquam
721 1850 839 1880 antea
869 1838 1028 1879 faE’c'um
1051 1841 1155 1894 erat)
1187 1847 1304 1879 extra
1335 1836 1496 1878 Italiam

166 1899 393 1955 profectus,
424 1899 565 1954 praelio
602 1899 736 1940 vietus
775 1902 816 1941 δε
859 1898 1016 1939 occisus
1054 1897 1126 1939 est.
1189 1898 1252 1938 M.
1288 1896 1499 1952 Perperna

166 1959 309 2000 consul
331 1959 488 1999 vietum
512 1958 794 1999 Aristonicum
833 1957 875 1998 in
915 1956 1170 1998 deditionem
1203 1955 1377 2012 accepit.
1439 1955 1496 2012 Ω.

166 2017 390 2072 Pompeius
422 2020 462 2059 δε
487 2018 544 2074 Ω.
570 2018 782 2068 Metellus,
816 2027 914 2058 tunc
948 2014 1129 2072 primum
1152 2025 1325 2070 uterque
1346 2028 1397 2059 ex
1413 2015 1500 2070 ple-

168 2076 219 2117 be
236 2075 338 2117 faeti
367 2076 569 2124 censores,
601 2077 772 2117 lustrum
795 2077 1081 2118 condiderunt.
1143 2075 1278 2117 Censa
1311 2073 1405 2115 sunt
1438 2074 1496 2115 ci-

169 2135 283 2176 vium
306 2135 438 2190 capita
462 2146 642 2176 trecenta
681 2135 971 2188 septemdecim
1003 2135 1146 2186 millia,
1178 2134 1418 2190 oetingenta
1439 2133 1501 2174 vi·-

170 2195 275 2251 ginti
297 2194 388 2244 tria,
419 2205 567 2249 praeter
595 2195 772 2249 pupillos
796 2197 837 2236 &
860 2195 1016 2236 viduas.
1084 2195 1140 2251 Ω.
1171 2194 1371 2236 Metellus
1402 2205 1500 2234 cen-

171 2255 235 2295 sor
266 2253 437 2302 censuit,
471 2263 516 2294 ut
550 2268 694 2294 ornnes
735 2263 980 2310 cogerentur
1012 2254 1163 2294 ducere
1185 2251 1501 2294 uxoreslibero-

170 2328 265 2354 rum
299 2313 570 2354 creandorum
593 2313 722 2354 causti.
744 2314 874 2354 exstat
894 2312 1025 2354 oratio
1047 2314 1150 2370 ejus,
1187 2326 1312 2367 quam
1335 2309 1503 2366 Au'gus-

172 2382 240 2413 tus
259 2372 410 2421 Caesar,
443 2386 572 2426 quum
594 2373 645 2413 de
671 2372 910 2413 maritandis
949 2372 1162 2413 ordinibus
1197 2380 1350 2427 ageret,
1385 2369 1500 2410 velut

173 2432 216 2473 in
238 2430 324 2471 haec
346 2442 532 2485 tempora
555 2431 744 2486 scriptam
764 2432 806 2472 in
830 2431 970 2472 senatu
997 2430 1195 2472 recitavit.
1252 2430 1306 2471 C.
1330 2427 1499 2469 Atinius

173 2489 317 2532 Labeo
339 2489 529 2530 tribunus
563 2490 692 2544 plebis
714 2491 775 2549 Q
794 2491 1018 2532 Metellum
1039 2492 1267 2539 censorem,
1306 2502 1328 2528 a
1351 2500 1436 2542 quo
1455 2486 1500 2528 in

174 2549 317 2589 senatu
337 2548 512 2604 legendo
535 2549 766 2602 praeteritus
777 2544 881 2599 erat,
901 2550 951 2590 de
975 2549 1068 2589 saxo
1087 2547 1209 2603 dejici
1226 2545 1338 2604 juffit
1356 2561 1366 2587 ε
1387 2547 1501 2601 quod

175 2621 227 2648 ne
250 2607 382 2659 fieret,
416 2607 541 2648 ceteri
563 2607 715 2648 tribuni
755 2607 886 2664 plebis
925 2607 1076 2648 auxilio
1108 2606 1292 2648 fuerunt.
1353 2605 1501 2664 Qum

175 2666 315 2709 Carbo
345 2665 535 2707 tribunus
574 2666 704 2722 plebis
745 2666 1001 2723 rogationem
1032 2665 1195 2714 tulisset,
1237 2674 1282 2706 ut
1321 2667 1501 2706 eundem

177 2725 390 2768 tribunum
411 2724 557 2781 plebis,
594 2726 755 2780 quoties
786 2726 923 2779 vellet,
958 2726 1086 2768 creari
1120 2725 1290 2775 liceret;
1321 2724 1503 2782 rogatio-

1406 2796 1502 2823 nem

1618 204 1699 253 269
