1794 3121
658 207 785 247 IN

852 208 890 247 D

172 346 251 387 que
279 333 472 387 *maxime
506 332 728 373 noxiorum
766 347 839 373 ex·
873 363 876 366 .

172 392 272 446 piat,
298 395 336 433 &
361 394 510 447 placat,
536 406 680 445 24—29.
711 392 838 432 Man-

172 451 343 492 donium
380 453 418 491 &
453 450 669 493 Indibilem
706 451 838 491 rebel-

168 509 300 551 lantes
317 511 457 562 vincit‚
482 521 628 564 32-34.
653 509 838 550 Masinis-

173 567 272 617 sam,
296 569 430 609 secum
472 569 743 623 congressum,
769 568 838 608 fibi

175 628 213 667 &
238 629 392 683 populo
417 628 610 668 Romano
632 627 838 680 conciliat,

173 698 242 740 35.
281 690 455 728 Romam
493 687 615 736 redit,
655 689 712 735 Sc,
749 696 839 726 ten-

173 756 256 786 tata
307 747 437 802 magis
490 745 556 800 spe
623 744 841 800 triumphi,

110 831 114 833 >
173 818 297 858 quam
319 816 442 860 petita
461 804 843 859 pertinaciter,con-

172 863 234 903 sul
276 876 452 913 creatur,
496 867 563 918 38.
614 863 760 903 Africa
805 863 843 904 ei

173 924 384 977 provincia
407 923 645 972 destinatur,
667 922 754 962 ibid.
780 922 845 963 su·

172 995 246 1036 per
264 997 311 1023 ea
333 997 376 1022 re
407 983 496 1038 ejus
529 985 568 1023 ἃ
604 981 718 1022 Fabii
747 997 846 1023 con-

172 1045 303 1083 trariae
326 1044 701 1093 orationes,40-44.
719 1041 761 1081 in
783 1041 847 1083 Si-

173 1100 306 1141 ciliam
332 1099 619 1156 proficiscitur,
643 1102 701 1152 46

237 1170 444 1201 trecentos
471 1159 645 1215 juvenes
685 1160 846 1200 Rorna-

175 1233 251 1260 nos
272 1219 431 1274 deligit,
469 1232 574 1272 quos
609 1218 846 1259 Siculorum

177 1280 350 1319 totidem
368 1276 491 1317 armis
517 1281 562 1333 &n
581 1279 694 1332 equis
712 1287 847 1327 ornat,

178 1338 292 1379 xxix.
318 1351 353 1377 1.
373 1350 436 1377 res
452 1336 601 1377 Siciliae
622 1339 849 1391 componit,

179 1395 269 1438 ibid.
296 1396 452 1437 Locros
470 1395 699 1445 advehitur,
726 1405 849 1449 atque

180 1456 236 1496 ibi
260 1454 571 1514 QPleminium
590 1455 771 1510 legatum
787 1468 851 1493 re-

179 1514 347 1570 linquit,
376 1528 413 1569 7.
433 1515 471 1555 8.
506 1513 605 1554 hinc
627 1514 794 1554 crimina
811 1512 851 1552 in

181 1574 433 1630 Scipionem,
445 1587 458 1614 1
468 1589 507 1628 9.
521 1571 656 1621 rebus,
668 1586 750 1612 non
765 1585 854 1611 ver-

181 1634 259 1685 bis,
283 1634 320 1674 se
357 1642 520 1688 purgat,
553 1644 617 1673 22.
647 1630 853 1686 profectio

183 1693 272 1748 ejus
294 1693 336 1732 in
359 1690 568 1743 Africam,
592 1703 740 1744 24-27.
763 1690 853 1745 ejus

183 1766 247 1793 res
265 1751 402 1807 gestzv,
418 1754 484 1793 28.
511 1764 580 1805 29.
604 1749 656 1791 ξεῖ
674 1761 820 1804 33-35.

221 1810 403 1852 xi&oriae
427 1810 476 1849 de
499 1808 685 1866 Syphace
711 1811 749 1848 8<
775 1805 857 1847 As-

183 1870 367 1918 drubale,
390 1882 493 1909 xxx,
519 1883 603 1924 3-9.
620 1867 751 1907 oratio
766 1867 855 1922 ejus

185 1929 237 1969 ad
263 1928 510 1970 Masinissam
545 1928 594 1966 de
628 1925 856 1980 Sophonis-

186 1989 256 2035 ba,
300 2001 366 2038 14.

187 2044 442 2098 colloquium
479 2044 759 2099 congreditur,
782 2056 856 2097 29·

190 2118 212 2159 3
227 2118 259 2145 1.
274 2106 398 2143 vincit
421 2102 690 2151 Annibalem,
711 2114 856 2157 32-35.

189 2161 482 2217 Carthaginem
528 2159 647 2215 petit,
699 2171 768 2213 30.
807 2161 857 2201 ad

187 2235 287 2263 eum
327 2221 451 2275 legati
488 2218 860 2273 Carthaginienses,

188 2280 277 2322 ibid.
309 2280 565 2320 conditiones
594 2281 703 2334 pacis
726 2292 748 2318 a
774 2277 864 2318 Sci-

188 2341 311 2396 pione
352 2338 486 2390 dictae,
523 2350 595 2393 37,
632 2336 802 2393 jubetur
842 2351 864 2377 a

189 2398 345 2454 populo
379 2408 522 2451 pacem
555 2398 650 2436 dare
692 2395 865 2436 Cartha-

189 2456 455 2514 giniensibus,
479 2469 548 2509 43.
579 2469 652 2494 cur
673 2469 758 2494 non
774 2453 863 2495 exi-

192 2518 252 2558 tio
287 2513 550 2570 Carthaginis
570 2513 724 2553 bellurn
750 2512 863 2554 finie-

193 2576 263 2628 rit,
283 2589 355 2626 44.
379 2573 559 2614 Romam
578 2571 698 2626 redit,
723 2572 867 2612 trium-

194 2635 367 2690 phat,&
392 2632 587 2676 Africani
624 2644 865 2685 cognomen

195 2690 394 2743 adsciscit,
418 2704 488 2748 45.

423 2001 519 2028 cum
559 1985 769 2025 Annibale
813 1984 854 2025 in
898 1986 899 1989 ’

959 209 993 248 L
1057 210 1113 250 X.
1543 217 1621 256 391

1015 343 1176 375 creatur
1198 334 1353 384 censor,
1376 336 1504 377 fxxii.
1537 351 1573 391 7.

1015 407 1161 447 parum
1184 406 1233 432 ex
1256 394 1453 448 dignitate
1481 397 1624 451 populi

956 452 1139 492 Romani
1173 452 1248 491 effe
1278 452 1406 503 ducit,
1441 455 1628 496 Anniba-

956 512 1036 551 lem
1060 511 1261 565 pervicaci
1296 512 1391 552 odio
1423 514 1626 569 persequi,
1645 517 1653 522 ’

958 584 1091 611 xxxm
1130 583 1202 623 47.

1017 628 1157 669 consul
1194 630 1359 679 iterum,
1383 631 1526 671 xxxiv.
1554 647 1627 683 42.

957 691 1146 743 princeps
1170 688 1331 729 senatus
1367 689 1516 739 lechis,
1554 707 1626 742 44.

957 749 1116 804 legatus
1138 748 1317 789 mittitur
1345 748 1387 788 in
1422 749 1629 803 Africam,

960 814 1033 851 62.
1166 859 1177 864 ⁸
1392 805 1398 810 ’

1021 866 1110 922 ejus
1143 881 1236 907 curn
1264 866 1472 910 Annibale
1505 870 1631 910 collo-

964 939 1130 980 quium,
1154 940 1282 967 xxxv.
1312 939 1378 976 14.

1024 984 1060 1024 se.
1094 986 1274 1040 legatum
1313 1001 1408 1026 cum
1442 985 1569 1028 fratre,
1590 988 1633 1028 in

965 1044 1175 1085 Graeciam
1210 1045 1366 1085 iturum
1399 1047 1634 1100 pollicetur,

964 1102 1118 1143 mxvii.
1150 1117 1183 1144 1.
1213 1103 1415 1145 fornicem
1441 1104 1483 1144 in
1508 1106 1633 1160 Capi-

964 1161 1079 1202 tolio„
1100 1177 1195 1203 cum
1212 1162 1331 1218 signis
1350 1163 1502 1218 septem
1518 1180 1637 1206 aura-

966 1221 1034 1270 tis,
1067 1220 1230 1262 duobus
1266 1223 1394 1276 equis.
1443 1225 1484 1264 Sc
1526 1239 1637 1265 mar-

966 1294 1106 1320 morea
1143 1281 1227 1321 duo
1262 1281 1373 1321 labra
1396 1293 1489 1322 ante
1511 1282 1640 1325 forni-

967 1353 1073 1395 cem,
1095 1339 1228 1394 ponit,
1266 1353 1309 1393 3.
1340 1341 1429 1395 ejus
1452 1343 1502 1382 ad
1536 1343 1641 1384 Pru-

968 1398 1082 1448 siam,
1106 1398 1307 1453 Bithyniae·
1320 1413 1474 1454 regem,
1497 1401 1643 1452 lsterae,

969 1456 1118 1511 quibus
1140 1471 1235 1497 eum
1260 1460 1308 1498 ad
1334 1459 1496 1500 consilia
1529 1463 1642 1515 pacis

969 1525 1150 1566 revocat,
1199 1527 1267 1568 25.
1334 1517 1379 1558 Ρ.
1423 1520 1642 1562 Cornelius

971 1575 1127 1628 Scipio,
1155 1576 1250 1629 quia
1273 1575 1404 1617 Salius
1427 1589 1528 1628 erat,
1562 1580 1644 1620 dis-

967 1634 1141 1691 ju11&us
1164 1634 1213 1674 ab
1235 1636 1436 1686 exercitu,
1462 1651 1532 1691 33.
1555 1640 1644 1695 ejus

973 1692 1082 1734 filius
1104 1695 1214 1747 apud
1238 1694 1497 1736 Antiochum
1515 1698 1647 1752 capti-

973 1767 1066 1800 vus,
1106 1767 1173 1807 34.
1226 1752 1416 1794 Africani
1461 1758 1646 1797 animum

973 1821 1105 1851 tentat
1125 1812 1282 1865 legatus
1321 1812 1541 1867 Antiochi,
1564 1818 1645 1870 36.

974 1869 1211 1925 responsum
1267 1875 1478 1926 egregium
1531 1874 1649 1916 Afri-

973 1929 1080 1975 cani,
1098 1929 1189 1969 ibid.
1212 1929 1299 1984 ejus
1321 1931 1453 1984 filium
1477 1934 1649 1973 remittit

976 1987 1226 2036 Antiochus,
1251 2000 1320 2043 37.
1355 1990 1572 2044 respondet
1592 1994 1650 2033 le·

975 2046 1080 2102 gatis
1115 2047 1332 2099 Antiochi,
1375 2049 1504 2104 iisque
1542 2066 1651 2106 prae-

976 2106 1111 2147 scribit
1134 2106 1391 2149 conditiones
1409 2109 1537 2162 pacis,
1559 2124 1630 2163 45.

1036 2164 1228 2220 princeps
1250 2165 1292 2205 in
1323 2167 1463 2208 senatu
1485 2169 1652 2209 tertium

980 2223 1146 2279 legitur,
1171 2225 1355 2266 xxxxiii.
1389 2230 1455 2268 28.
1492 2228 1657 2279 accusa-

980 2292 1047 2323 tur
1068 2298 1090 2323 a
1133 2283 1307 2324 tribunis
1338 2285 1483 2339 plebis,
1513 2300 1582 2340 50.
1616 2287 1657 2328 se

981 2341 1168 2382 defendit
1219 2342 1302 2382 sola
1355 2357 1657 2386 commemora-

982 2399 1094 2440 tione
1131 2414 1269 2441 rerum
1311 2402 1530 2456 gestarum,
1571 2405 1662 2449 ibid.

984 2459 1187 2513 populum
1211 2459 1261 2499 ab
1284 2459 1458 2502 tribunis
1492 2461 1659 2504 abducit

985 2517 1122 2557 secum
1145 2518 1187 2556 in
1211 2517 1478 2572 Capitolium,
1497 2522 1548 2561 ad
1568 2537 1662 2578 gra-

987 2575 1062 2615 tias
1086 2576 1177 2617 Diis
1199 2578 1375 2632 agendas
1402 2595 1477 2635 pro
1497 2581 1660 2637 egregie

987 2649 1011 2674 a
1045 2632 1084 2673 se
1121 2635 1232 2691 gesta
1255 2639 1484 2693 republica,
1508 2651 1575 2690 51.
1619 2641 1662 2681 in

987 2690 1254 2737 Literninum
1276 2702 1485 2753 concedit,
1512 2710 1580 2750 52.
1606 2700 1664 2739 ci-

1554 2766 1664 2798 tatus
