1794 3121
130 339 238 353 ⁶——
264 320 479 366 Minervae,
501 317 559 356 xl.
593 321 655 357 18.

131 402 240 410 -—-——
264 376 424 423 Miseni,
445 378 563 415 xxiv.
591 389 653 428 13.

128 454 240 465 -—-
269 434 536 488 Myonnesus,
578 432 732 472 xmvn.
774 445 838 485 27.

189 502 260 544 29·

263 548 471 602 Nephelis,
496 561 578 586 xx.
599 547 650 588 ι·ιί
675 560 738 588 20.

255 606 435 661 Pachyni
477 607 582 646 xxiv
591 619 692 659 .3-·,·.

124 688 239 696 -—
256 663 429 709 Phariae.-
447 665 541 704 xliv
569 668 636 703 28.

260 721 490 771 Pofideum,
516 722 613 761 xliv.
638 735 700 762 11.

126 800 240 811 ·-—-—
258 780 435 828 Pulchri,
460 781 566 820 xxix
591 793 659 832 27.

126 835 444 892 ·--—-Pyrenes,
465 840 583 879 xxvi.
616 851 677 890 ¹9·

127 914 241 925 -—·
259 894 483 949 Sarpedon,
505 895 681 939 xxxviii.
700 899 767 949 38.

258 952 449 1004 Sunium,
506 953 658 996 Atticae
707 964 838 1002 terrae,

184 1010 320 1050 Xxxli.
344 1025 404 1061 17.

255 1068 448 1120 Toronae,
468 1070 596 1110 xxxi.
614 1080 682 1120 45.

258 1126 484 1177 Zelacium,
502 1129 630 1167 xxxi.
654 1132 726 1179 46.

124 1177 388 1225 Proscenium
409 1188 458 1226 ad
474 1187 602 1226 aedern
623 1185 837 1240 Apollinis,

185 1242 258 1282 Xli.
283 1256 353 1296 51.

126 1295 376 1354 Proserpina,
394 1300 506 1340 xxiv.
524 1315 592 1357 39.

129 1353 380 1412 Proserpinae
401 1359 575 1400 thesauri
616 1359 838 1413 spoliantur

184 1426 207 1452 a
230 1421 281 1463 (>.
297 1416 514 1466 Pleminio,
539 1418 736 1473 pr‘efetsto
757 1419 838 1458 Lo-

183 1474 276 1523 cris,
296 1475 408 1514 xxix.
435 1489 472 1528 7.
495 1476 611 1530 super
627 1490 672 1515 ea
689 1489 730 1514 re
756 1476 837 1515 Lo-

184 1533 383 1572 crenfium
405 1536 593 1586 querelae,
618 1538 682 1574 18.
714 1547 837 1588 pecu-

185 1589 252 1630 nia
293 1605 341 1631 ex
372 1590 435 1631 his
481 1592 673 1632 thesauris
714 1589 835 1631 nodie

185 1651 290 1690 clam
331 1648 495 1695 sublata,
521 1649 648 1688 xxxi.
690 1662 754 1690 ¹2.
779 1648 836 1688 sa-

184 1707 394 1762 crilegium
424 1721 445 1746 a
466 1707 729 1764 QMinucio
746 1720 836 1761 per-

182 1765 440 1820 vestigatum,
487 1766 740 1820 pecuniaque
786 1778 836 1804 ex

182 1823 298 1864 bonis
319 1823 536 1864 noxiorum
557 1823 599 1862 in
629 1823 836 1863 thesauros

183 1882 368 1936 reposita,
389 1894 451 1934 ¹3·

128 1940 361 1981 Provincias
382 1939 647 1978 sortiebantur
663 1938 765 1978 inter
796 1937 834 1976 se

190 1996 390 2047 consules,
412 2010 451 2037 x,
475 2010 545 2050 24.
587 1998 623 2035 8<
647 2005 721 2036 tota
751 1996 836 2048 pas-

174 2054 252 2109 sm
287 2054 445 2111 hgstoria.
477 2063 683 2108 praetores,
725 2053 833 2093 xxii.

191 2126 259 2167 35.
281 2114 319 2153 &
340 2112 429 2151 alibi
439 2111 588 2166 pqffim.

133 2170 357 2213 Provincia:
378 2179 491 2210 extra
504 2172 686 2210 ordinem
713 2169 833 2217 datare,

191 2240 239 2268 x.
257 2240 326 2278 24.
346 2227 489 2268 xxviii.
506 2231 576 2282 38.
597 2226 764 2266 xxxvii.
798 2240 834 2267 1.

134 2286 368 2330 Provincias
392 2295 461 2325 aut
479 2285 624 2335 sortiri,
639 2294 708 2325 aut
723 2296 835 2324 com-

191 2357 331 2396 parare
344 2344 447 2383 inter
468 2357 509 2384 se
524 2345 708 2384 consules
726 2341 833 2398 jussi,
877 2374 879 2376 .

193 2401 360 2442 xxxvii.
395 2414 430 2443 1.

133 2459 356 2501 Provinciae
377 2472 619 2514 prorogatae,
649 2457 730 2498 viii.
768 2470 834 2512 23.

189 2519 259 2560 26.
282 2531 328 2558 x.
365 2519 430 2557 16.
471 2517 572 2558 xxii.
608 2531 678 2571 34.
716 2516 835 2558 xxiii.

192 2576 542 2631 31.&saepealias.

131 2634 182 2689 de
216 2633 425 2675 Provincia
460 2633 653 2675 decedere
690 2630 833 2686 injussi

1538 204 1616 245 533

1352 326 1456 366 tum,
1498 316 1613 359 xxiii.

1465 380 1528 417 13.
1570 379 1610 415 ὅτ

958 316 1117 355 senatus
1153 329 1234 355 non

963 387 1028 426 19.
1070 374 1150 414 vid.
1201 382 1322 413 tamen
1377 390 1420 414 x.

957 445 979 470 X
993 445 1081 469 &Vll-
1099 445 1170 483 42.

898 488 1139 529 Prox'ocatio
1175 489 1222 527 ad
1271 489 1411 541 popul
1414 503 1467 528 im
1522 490 1609 544 lege

958 545 1123 593 sancita,
1144 546 1183 586 ii
1205 547 1317 585 8-111
1337 561 1401 599 55
1429 559 1472 584 x.
1496 561 1538 597 9.

904 604 1142 645 I'rovocatio
1166 617 1246 642 non
1269 604 1324 643 est
1355 619 1376 643 a
1398 604 1611 651 didiatore,

958 661 998 700 ii.
1023 666 1083 702 18.
1106 675 1172 710 20.
1194 672 1381 701 creantur
1411 664 1610 702 decemvi-

957 720 989 759 ri
1011 720 1090 760 sine
1109 720 1407 774 provocatione,
1428 720 1485 758 iii.
1510 734 1577 774 32.

897 778 978 825 lex,
1002 792 1051 818 ne
1071 782 1159 831 quis
1186 779 1316 817 ullum
1333 778 1609 832 magistratum

957 836 1038 876 fine
1087 835 1379 877 l¹rovocatione
1431 848 1607 876 crearet:

954 894 1026 947 qui
1048 895 1225 942 creasset,
1248 907 1342 932 eum
1367 894 1434 948 jus
1470 892 1608 948 fasque

955 952 1048 992 ess'et
1069 951 1284 1004 occidi,iii.
1300 965 1321 1005 5
1331 964 1370 1005 ς.
1388 950 1466 992 vid.
1484 959 1607 992 tamen

955 1010 1009 1050 iv,
1033 1024 1095 1064 13.

902 1068 1186 1108 Provocationi
1200 1067 1304 1108 cedit
1325 1067 1511 1117 diciiator,
1524 1066 1604 1107 viii.

901 1183 1143 1226 Provocatio
1178 1196 1260 1223 non
1282 1182 1338 1223 est
1374 1183 1535 1238 longius
1556 1185 1606 1225 ab

957 1242 1054 1282 urbe
1077 1241 1185 1281 mille
1206 1243 1402 1295 paffuum,
1424 1242 1482 1281 iii.
1508 1256 1573 1284 20.

899 1300 1119 1342 Proxenus
1137 1299 1186 1339 ab
1204 1299 1434 1340 Orthobula
1471 1314 1604 1342 uxore

953 1372 1108 1397 veneno
1129 1358 1297 1406 tollitur,
1320 1358 1396 1398 xli.
1411 1370 1481 1411 30.

898 1434 919 1458 1
898 1415 1073 1463 ffrufias,
1096 1415 1295 1471 Bithyniae
1312 1429 1406 1466 rex,
1434 1417 1476 1457 in
1499 1415 1601 1457 fines

954 1475 1067 1528 regni
1123 1474 1252 1514 Attali
1298 1475 1602 1529 transgreditur,

955 1531 1104 1571 xxviii.
1128 1544 1169 1585 7.
1191 1546 1213 1571 a
1238 1532 1430 1587 Philippo
1455 1533 1598 1574 Mace-

953 1591 1085 1631 doniae
1105 1604 1197 1641 rege
1219 1588 1454 1631 adscribitur
1471 1589 1602 1630 foede.

950 1649 984 1688 ri
1006 1663 1098 1689 cum
1116 1647 1315 1688 Romanis
1345 1649 1458 1696 inito,
1481 1649 1603 1691 xxix.

960 1721 973 1748 1
985 1721 1023 1749 2.
1038 1706 1168 1748 socius
1183 1707 1219 1747 ὅτ.
1233 1706 1388 1747 amicus
1410 1706 1599 1761 Philippi,

953 1765 1092 1807 xxxii.
1113 1775 1183 1820 34.
1203 1765 1250 1804 ad
1273 1778 1367 1805 eum
1384 1765 1433 1804 de
1450 1764 1600 1805 Ciano-

950 1837 1039 1864 rum
1050 1822 1230 1862 libertate
1248 1821 1444 1871 scribitur,
1458 1817 1597 1863 xsxxiii.

952 1894 1025 1935 30.
1044 1895 1138 1920 eum
1160 1882 1210 1921 ad
1244 1879 1396 1921 bellum
1428 1879 1605 1922 concitat

952 1939 1198 1987 Antiochus,
1234 1939 1405 1979 xxxvii.
1426 1952 1496 1994 25.
1537 1952 1600 1979 re-

951 2007 1118 2037 vocatur
1139 2011 1161 2037 a
1183 1996 1381 2039 Romanis
1395 1999 1444 2038 acl
1465 2001 1596 2038 consi-

950 2056 1002 2095 lia
1021 2055 1145 2109 pacis,
1161 2056 1248 2095 ibid.
1285 2056 1470 2097 adversus
1513 2056 1595 2095 Eu-

951 2127 1111 2154 menem
1132 2114 1282 2154 bellum
1297 2114 1418 2170 gerit,
1441 2114 1600 2153 xxxix.

951 2172 1023 2219 46.
1061 2171 1304 2212 Annibalem
1341 2173 1494 2225 recipit,
1531 2186 1553 2226 5
1568 2185 1602 2212 1.

951 2233 992 2272 ὅτ
1010 2229 1205 2272 Romanis
1223 2230 1373 2284 prodit,
1391 2230 1478 2271 ibid.
1513 2231 1601 2284 ejus

951 2289 1099 2343 legatio
1121 2289 1170 2328 ad
1187 2288 1398 2329 Romanos
1417 2288 1468 2327 de
1497 2301 1597 2342 pace

951 2360 1045 2386 cum
1068 2345 1210 2387 Perseo
1226 2345 1489 2394 concilianda,
1503 2346 1599 2386 xliv.

958 2417 1020 2454 14.
1042 2417 1136 2444 cum
1159 2403 1243 2444 filio
1269 2404 1493 2445 Nicomede
1518 2405 1604 2445 Ro-

951 2475 1060 2502 mam
1082 2462 1206 2510 venit,
1221 2462 1300 2504 xlv.
1324 2473 1392 2514 44.
1415 2462 1504 2517 ejus
1523 2460 1601 2501 hu-

950 2519 1114 2568 militas,
1131 2519 1220 2561 ibid.

898 2575 970 2634 Pr>
983 2587 1145 2620 taneum
1163 2576 1320 2634 Cyzici,
1339 2577 1412 2621 xli.
1435 2589 1503 2633 25.

1416 2637 1603 2693 Prytanis
