1830 3131
444 273 849 318 EPITOME
915 275 1012 316 Lm.
1047 275 1117 330 67.

95 392 156 433 nit
176 408 185 434 t
214 401 267 442 et,
300 402 465 447 propter
485 393 658 443 caedem,
689 391 896 432 admiffam
921 390 964 431 in
987 391 1178 447 regulum
1200 391 1424 444 quendam,

98 453 264 493 nominc
281 452 506 499 Maffivam,
528 452 601 505 qui
619 465 792 506 regnum
825 451 913 506 ejus
930 452 1083 506 populo
1100 450 1295 491 Romano
1309 449 1424 491 invifi

96 511 484 563 affectabat‚Romae
498 509 780 560 interfectum,
796 523 924 563 quum
941 507 1424 565 periclitaretur‚causam

95 571 239 624 capitis
261 569 395 610 dicere
419 570 564 626 juffus,
587 571 691 610 clam
714 567 914 624 profugit,
949 571 1000 619 ἃ,
1032 569 1182 609 cedens
1204 566 1319 617 urbe,
1337 567 1423 608 fer-

96 638 163 669 tur
183 628 346 669 dixisse:
378 628 414 667 O
445 630 570 669 urbem
591 629 775 677 venalem,
799 627 851 669 ἐῢ*
871 627 941 667 εὶίὸ
979 630 1209 682 perituram,
1224 626 1268 681 si
1286 634 1424 681 empto-

96 703 174 727 rem
196 689 416 727 invenerit!
479 691 533 730 A.
573 687 802 727 Postumius
842 687 1002 742 legatus
1032 685 1251 727 infeliciter
1273 685 1422 740 proelio

96 745 285 787 adversus
306 746 554 802 Jugurtham
578 747 690 798 gesto
713 760 856 800 pacem
890 760 1056 800 quoque
1078 745 1226 802 adjecit
1247 744 1424 801 ignomi-

97 805 270 856 niosam,
301 820 426 860 quam
448 820 532 846 non
553 806 628 846 effe
653 805 888 846 servandam
910 804 1073 847 senatus
1091 804 1262 849 censuit.

535 925 767 966 LIBRI
833 925 973 970 LXV.

102 1003 203 1103 Q.
240 1042 432 1083 Caecilius
451 1042 647 1083 Metellus
668 1041 808 1082 consul
831 1041 992 1083 duobus
1007 1039 1163 1096 proeliis
1179 1040 1431 1098 jugurtham

101 1100 225 1153 fudit,
258 1110 470 1157 totamque
491 1101 735 1142 Numidiam
759 1101 941 1142 vastavit.
1001 1101 1065 1142 M.
1097 1101 1245 1154 Junius
1266 1100 1432 1143 Silanus

102 1160 244 1203 consul
283 1159 476 1201 adversus
530 1159 720 1201 Cimbros
772 1160 991 1201 infeliciter
1023 1160 1235 1215 pugnavit.
1288 1159 1434 1215 legatis

103 1221 370 1263 Cimbrorum
393 1220 528 1260 sedem
554 1222 592 1259 δε
617 1234 750 1274 agros,
783 1219 824 1258 in
846 1219 995 1272 quibus
1024 1219 1303 1268 confisterent,
1343 1217 1437 1273 pos-

105 1277 331 1320 tulantibus
353 1279 515 1319 senatus
536 1278 712 1333 negavit.
772 1278 839 1319 M.
873 1277 1089 1319 Minucius
1111 1277 1330 1332 proconsul
1364 1277 1438 1317 ad-

105 1337 243 1380 versus
263 1337 448 1378 Thracas
481 1337 668 1391 prospere
709 1337 921 1391 pugnavit.
983 1337 1032 1377 L.
1063 1336 1217 1377 Canius
1249 1335 1438 1377 consula

105 1396 317 1454 Tigurinis
339 1396 489 1445 Gallis,
507 1411 612 1451 pago
634 1396 940 1447 Helvetiorum,
958 1395 1029 1450 qui
1050 1410 1072 1434 a
1095 1396 1259 1435 civitate
1274 1393 1440 1435 seeeffe-

106 1467 214 1508 rant,
246 1456 289 1496 in
319 1455 469 1496 finibus
493 1454 768 1509 Allobrogum
799 1469 895 1495 cum
918 1454 1100 1494 exercitu
1124 1453 1248 1494 caesus
1268 1453 1340 1494 est.
1361 1452 1441 1492 mi-

105 1517 213 1564 lites,
247 1514 320 1569 qui
354 1528 403 1554 ex
440 1515 485 1553 e&
514 1514 628 1553 clade
663 1513 969 1566 superaverunt,
1002 1512 1207 1553 obsidibus
1239 1512 1358 1562 datis,
1393 1514 1435 1553 δε

107 1574 276 1616 dimidiu
299 1587 436 1613 rerum
459 1572 646 1613 omnium
679 1581 807 1625 parte,
838 1583 884 1612 ut
920 1572 1147 1614 incolumes
1181 1571 1439 1613 dimitteren-

109 1644 193 1688 tur,
225 1647 322 1675 cum
341 1631 525 1673 hostibus
547 1630 658 1686 pach
682 1630 787 1672 sunt.

555 1749 623 1790 LI
643 1750 676 1789 B
694 1748 733 1790 R
758 1749 777 1789 I
844 1748 1012 1790 LXVI.

109 1838 490 1916 JUGURTHA,
538 1866 678 1921 pulsus
714 1881 737 1908 a
778 1865 826 1907 C.
863 1865 1001 1907 Mario
1041 1863 1259 1916 Numidia,
1289 1862 1444 1905 auxilio

112 1928 284 1979 Bocchi,
318 1928 568 1969 Maurorum
608 1925 731 1983 regis,
762 1925 927 1981 adjutus
961 1924 1044 1966 est:
1078 1927 1136 1974 δε,
1157 1926 1266 1967 caefis
1296 1922 1444 1979 p-roelio

115 1986 272 2029 Bocchi
291 1999 457 2042 quoque
494 1985 637 2039 copiis,
670 1986 836 2026 nolente
857 1985 1025 2025 Boccho
1045 1983 1201 2025 bellum
1223 1982 1445 2024 infeliciter

116 2044 348 2101 susceptum
371 2043 528 2085 diutius
564 2043 774 2093 sustinere,
804 2043 969 2085 vincius
990 2042 1039 2084 ab
1068 2057 1117 2085 eo
1137 2048 1177 2086 δι
1202 2041 1342 2084 Mario
1365 2051 1446 2082 tra-

118 2105 230 2146 ditus
269 2104 350 2145 est:
384 2103 426 2143 in
458 2101 539 2157 qu'zi
578 2116 621 2143 re
657 2102 864 2159 praecipua
885 2116 1009 2158 opera
1029 2101 1079 2145 L.
1103 2101 1285 2146 Cornelii
1302 2101 1448 2154 Sullae,

119 2163 332 2220 quaestoris
356 2162 499 2214 Marii,
528 2160 622 2202 fuit.
1144 2168 1149 2174 '

552 2294 675 2335 LIB
693 2293 772 2335 RI
837 2293 1027 2335 LXVII.

124 2384 246 2463 M.
272 2410 466 2454 Aurelius
487 2411 685 2463 Scaurus,
716 2412 874 2467 legatus
907 2409 1101 2463 consulis,
1130 2426 1152 2453 a
1183 2408 1364 2453 Cimbris
1387 2406 1453 2448 fu-

125 2474 166 2514 so
188 2470 392 2520 exercitu,
423 2480 567 2525 captus
608 2471 694 2511 est:
729 2473 786 2520 &,
817 2483 964 2524 quum,
1006 2470 1047 2510 in
1086 2469 1297 2512 confilium
1334 2466 1383 2508 ab
1404 2466 1453 2510 iis

123 2541 332 2579 evocatus,
364 2529 586 2569 deterreret
616 2543 703 2579 eos,
735 2543 786 2569 ne
817 2529 945 2583 Alpes
967 2529 1182 2569 tranfirent
1202 2527 1363 2568 Italiam
1385 2542 1456 2581 pe-

124 2590 258 2640 tituri,
290 2603 339 2630 eo
357 2585 470 2642 quod
493 2587 662 2636 diceret,
696 2588 912 2628 Romanos
932 2586 1042 2627 vinci
1071 2601 1156 2628 non
1174 2586 1298 2641 poffe,
1330 2601 1353 2626 a
1374 2586 1458 2629 Bo-

122 2649 256 2708 jorige
279 2662 392 2703 rege,
423 2646 550 2689 feroci
568 2647 735 2703 juvene,
768 2645 925 2687 occisus
944 2644 1016 2686 est.
1077 2645 1146 2687 Ab
1168 2645 1310 2686 iisdem
1330 2645 1459 2688 hosti-

129 2709 205 2754 bus
225 2707 305 2750 Cn.
328 2707 513 2748 Manlius
535 2705 676 2747 consul
701 2707 740 2747 δι
766 2704 822 2760 Q.
842 2702 1041 2745 Servilius
1064 2704 1205 2760 Caepio
1222 2707 1459 2760 proconsul,

130 2766 232 2808 victi
254 2766 419 2820 proelio,
450 2764 668 2821 castrisque
689 2762 797 2806 binis
835 2762 951 2807 exuti
991 2762 1098 2807 sunt.
1134 2763 1314 2807 militum
1334 2767 1461 2808 millia

191 2823 315 2868 ΤοΜ.
346 2825 444 2866 VII.
795 2819 837 2863 T
986 2824 991 2828 ”
1249 2822 1462 2882 octoginta

1556 290 1640 337 ²73
