1830 3131
659 174 1061 232 ΕΡῙΤΟΜΕ
1128 174 1331 217 Lam.

307 294 483 350 reliquos,
501 292 566 348 qui
587 291 626 330 in
647 288 793 347 Afric-A
815 289 1038 339 militarent,
1060 289 1215 329 umbras
1237 288 1419 338 militare,
1439 287 1637 342 Scipionem

307 357 437 409 vigere
453 374 468 399 ;
504 353 544 392 &
583 350 760 405 populus
802 348 1021 390 Romanus
1056 361 1104 388 eo
1142 347 1281 388 favore
1313 345 1568 401 complexus,
1590 355 1636 398 ut

306 410 483 454 comitiis
518 409 705 465 plurimae
737 421 833 448 eum
855 406 984 448 tribus
1006 405 1216 448 consulem
1248 405 1482 454 scriberent,
1505 416 1642 460 quum

307 461 483 526 hoeper
505 479 667 510 aetatem
686 480 769 507 non
791 466 944 508 liceret.
1006 465 1153 514 Quum
1175 465 1224 507 L.
1247 464 1487 506 Scribonius
1511 461 1640 504 tribu-

307 544 387 572 nus
429 527 556 584 plebis
597 525 854 582 rogationem
892 524 1195 580 promulgasset,
1242 534 1287 565 ut
1329 521 1530 574 Lusitani,
1551 521 1665 579 ‘iub'

308 590 352 630 in
370 588 495 630 fidem
518 586 660 643 populi
692 583 873 626 Romani
896 583 1038 632 dediti,
1072 598 1094 623 a
1126 581 1214 624 Ser.
1241 582 1372 624 Galba
1396 583 1437 623 in
1455 581 1639 623 Galliam

308 640 522 696 venissent,
554 646 595 685 in
617 644 846 684 libertatem
878 642 1202 691 restituerentur,
1229 642 1292 682 M.
1314 643 1420 684 Cato
1441 636 1640 683 acerrime

307 700 441 754 suafit.
464 704 593 750 exstat
614 703 743 744 oratio
765 703 806 743 in
831 701 1042 743 annalibus
1064 702 1151 757 ejus
1169 699 1336 741 inclusa.
1397 700 1452 764 Q.
1472 699 1641 740 Fulvius

307 765 513 813 Nobilior,
538 765 578 804 δε
603 762 704 816 saepc
727 762 776 802 ab
802 776 851 802 eo
874 760 915 800 in
938 760 1078 809 senatu,
1104 761 1319 811 laceratus,
1338 758 1545 815 respondit
1566 772 1642 813 pro

310 825 380 866 Ga
398 824 460 865 bii.
486 822 567 877 ipse
583 816 746 875 quoque
766 820 915 870 Galba,
937 833 1066 874 quum
1088 818 1125 858 se
1143 818 1327 859 damnari
1341 818 1512 867 videret,
1528 830 1642 859 com·

309 885 456 938 plexus
479 882 582 922 duos
601 879 706 920 filios
728 889 1008 934 praetextatos,
1026 880 1065 919 &
1082 878 1255 930 Sulpicii
1279 877 1390 918 Galli
1408 876 1555 925 filium,
1569 889 1644 918 cu-

305 944 375 999 jus
392 951 503 981 tutor
517 948 618 988 erat,
634 939 690 978 ita
712 936 992 979 miserabiliter
1007 951 1080 992 pro
1103 936 1140 977 se
1163 938 1325 978 locutus
1339 935 1412 985 est,
1428 945 1471 977 ut
1484 935 1643 991 rogatio

310 1000 605 1054 antiquaretur.
627 996 789 1038 exstant
810 1007 891 1037 tres
907 996 1111 1037 orationes
1124 996 1238 1052 ejus:
1259 996 1352 1036 duae
1365 994 1555 1036 adversus
1572 994 1644 1036 Li-

311 1059 462 1100 bonem
481 1056 693 1098 tribunum
708 1055 836 1111 plebis
849 1055 1186 1112 rogationemque
1204 1055 1308 1109 ejus,
1324 1053 1474 1095 habitae
1491 1054 1540 1095 de
1558 1053 1643 1095 Lu-

310 1118 473 1159 fitanis:
517 1130 597 1157 una
630 1126 773 1156 contra
814 1116 863 1156 L.
901 1114 1143 1156 Cornelium
1186 1113 1441 1169 Cethegum,
1482 1112 1522 1153 in
1559 1109 1641 1167 qu&

307 1177 524 1218 Lusitanos
563 1185 731 1229 propter
769 1173 847 1215 sese
892 1173 1021 1215 castra
1061 1172 1258 1214 habentes
1304 1171 1428 1213 caesos
1469 1170 1640 1220 fatetur,

309 1234 427 1290 quod
444 1243 703 1290 compertum
726 1233 929 1281 habuerit,
961 1246 1070 1289 equo
1103 1243 1223 1286 atque
1254 1231 1422 1271 homine
1454 1229 1525 1270 suo
1556 1229 1639 1271 ritu

309 1294 548 1344 immolatis,
569 1307 641 1348 per
663 1291 836 1347 speciem
869 1291 980 1346 pacis
1019 1285 1166 1337 adoriri
1198 1289 1427 1331 exercitum
1457 1288 1574 1329 suum
1597 1288 1641 1330 in'

308 1353 447 1395 animo
468 1352 660 1394 habuiffe.
727 1351 953 1394 Andriscus
976 1350 1162 1406 quidam,
1184 1347 1475 1403 ultimae'sortis
1495 1346 1641 1399 homo,

307 1411 440 1454 Persei
459 1412 564 1467 regis
586 1411 622 1451 se
647 1410 779 1450 filium
802 1410 954 1459 ferens,
999 1412 1038 1450 δι’
1060 1420 1216 1450 mutato
1235 1408 1401 1448 nornine
1424 1406 1638 1462 Philippus

309 1482 498 1520 vocatus,
537 1483 668 1524 quum
695 1469 744 1509 ab
767 1468 867 1509 urbe
900 1469 1103 1517 Romana,
1128 1466 1211 1522 quo
1246 1468 1362 1508 illum
1398 1466 1641 1509 Demetrius

308 1528 439 1585 Syriae
462 1543 531 1570 rex
553 1528 606 1569 ob
626 1527 706 1567 hoc
729 1526 860 1581 ipsum
878 1526 1138 1566 mendacium
1173 1526 1349 1576 miserat,
1370 1527 1475 1567 clam
1491 1524 1642 1581 'profu-

308 1589 442 1644 giffet,
476 1586 614 1628 multis
639 1587 689 1627 ad
712 1585 852 1626 falsam
868 1585 956 1640 ejus
978 1583 1176 1634 fabulam,
1191 1587 1301 1625 velut
1325 1586 1372 1624 ad
1395 1599 1548 1635 veram,
1570 1599 1640 1626 co-

309 1647 518 1696 euntibus,
540 1644 755 1700 contrae'to
773 1644 975 1693 exercitu,
1007 1653 1136 1684 totam
1161 1643 1446 1684 Macedoniam
1469 1652 1540 1684 aut
1570 1657 1640 1684 vo-

308 1706 468 1746 luntate
510 1703 796 1755 incolentium,
842 1714 913 1753 aut
963 1702 1086 1743 armis
1128 1701 1357 1757 occupavit.
1417 1706 1421 1710 ”
1442 1701 1640 1755 Fabulam

307 1775 448 1805 autem
472 1765 596 1805 talem
619 1762 806 1804 finxerat.
853 1763 932 1814 *Ex
964 1761 1108 1824 pellice
1139 1761 1177 1802 se
1203 1764 1241 1803 &
1266 1760 1412 1802 Perseo
1442 1760 1536 1817 rege
1573 1775 1640 1802 or-

310 1832 417 1873 tum,
434 1816 635 1866 traditum
652 1821 914 1863 educandum
932 1820 1115 1861 Cretensi
1132 1821 1295 1862 cuidam
1311 1821 1405 1873 esse,
1427 1830 1471 1861 ut
1488 1820 1529 1860 in
1542 1818 1639 1862 belli

307 1882 442 1932 casus,
480 1873 591 1936 quod
615 1881 681 1921 ille
705 1894 798 1921 curn
822 1879 1024 1920 Romanis
1047 1874 1221 1935 gereret,
1252 1880 1421 1936 aliquod
1446 1880 1558 1920 velut
1579 1878 1640 1920 se-

308 1954 406 1981 men
427 1942 550 1997 regiae
571 1939 704 1995 stirpis
725 1938 911 1980 exstaret.
946 1938 1091 1979 Perseo
1113 1939 1347 1987 demortuo,
1372 1939 1640 1994 Adramytte'i

307 1999 349 2049 se
365 2001 588 2041 educatum
611 1999 740 2053 usque
763 1999 814 2038 ad
830 1999 1123 2041 duodecimum
1141 2007 1294 2051 annum
1314 1997 1458 2048 aetatis,
1480 2007 1640 2053 patrem

307 2071 406 2098 eum
429 2058 504 2098 effe
541 2051 851 2108 credentemja
872 2071 956 2111 quo
985 2058 1248 2108 educaretur,
1284 2057 1474 2113 ignarum
1517 2069 1641 2112 gene-

307 2116 365 2167 ris
407 2116 522 2157 fuisse
559 2116 632 2158 sui.
669 2115 819 2157 affeOm
857 2115 1004 2156 deinde
1040 2130 1106 2168 eo,
1139 2130 1269 2171 quum
1304 2116 1430 2174 prope
1466 2116 1517 2158 ad
1546 2114 1643 2158 vitae

309 2174 438 2217 finem
481 2176 673 2215 ultimum
715 2175 825 2225 esset,
871 2174 1078 2217 detectam
1128 2176 1295 2216 tandem
1318 2175 1393 2217 'ibi
1437 2170 1646 2232 originem'

307 2234 439 2284 suam,
486 2234 678 2288 salsaeque
730 2234 850 2275 matri
902 2233 1088 2290 libellum
1137 2235 1295 2283 datum,
1343 2235 1455 2292 {igno
1504 2230 1645 2277 Persei‘

307 2293 416 2349 regis
463 2289 681 2350 signatum,
732 2307 858 2346 quem
892 2292 964 2346 fibi
1013 2293 1208 2344 traderet,
1244 2308 1375 2348 quum
1417 2293 1465 2334 ad
1508 2292 1642 2348 pube-

305 2366 396 2393 rem
431 2362 594 2393 aetatem
627 2350 820 2394 veniffet:
852 2350 1219 2408 obtestationesque
1256 2352 1420 2394 ultimas
1442 2350 1640 2408 adjectas,

306 2421 354 2451 ut
390 2425 459 2453 res·
475 2411 518 2451 in
539 2408 703 2452 occulto
721 2411 771 2451 ad
793 2410 834 2450 id
856 2420 1019 2466 tempus
1056 2410 1297 2454 servaretur.
1330 2410 1568 2468 pubescenti
1588 2411 1639 2452 li-

302 2470 461 2510 bellum
484 2470 680 2511 traditum
700 2483 710 2509 2
730 2468 771 2509 in
804 2484 888 2524 quo
915 2469 1048 2527 reliE‘ti
1078 2469 1147 2510 fibi
1169 2470 1252 2512 duo
1271 2471 1447 2513 thesauri
1476 2486 1498 2510 a
1519 2477 1635 2526 patre

301 2528 549 2570 dicerentur.
573 2538 662 2569 tum
685 2527 878 2569 scientem
900 2528 1115 2569 mulierem
1145 2528 1352 2571 subditum
1376 2531 1414 2572 se
1444 2530 1538 2580 esse,
1566 2541 1636 2570 ve-

300 2600 390 2626 ram
414 2587 581 2643 stirpem
607 2586 815 2641 ignoranti
837 2587 1001 2628 edidisse
1032 2601 1191 2644 genus:
1230 2598 1353 2644 atque
1373 2586 1633 2637 obtestatam,

300 2654 349 2683 ut
372 2643 499 2698 prius,
521 2647 648 2701 quam
671 2656 857 2687 manaret
891 2647 942 2687 ad
964 2645 1194 2688 Eumenem
1210 2661 1290 2698 res,
1318 2647 1465 2688 Perseo
1496 2645 1633 2686 inimi-

301 2716 415 2760 cum,
438 2706 655 2748 excederet
676 2703 726 2747 iis
746 2702 864 2758 locis,
903 2718 955 2747 ne
971 2704 1285 2749 interficeretur.
1313 2719 1363 2747 eo
1394 2705 1432 2747 se
1463 2704 1633 2748 exterri-

654 2791 656 2794 >
1524 2775 1641 2818 tum,
