1830 3131
598 239 945 283 ἘΡῙΤΟΜΕ
1027 240 1122 283 Lm.
1154 247 1251 282 109.

294 373 353 413 sul
371 369 537 413 tertium
564 363 794 419 faetus‘est,
812 367 952 409 absens
973 369 1011 408 &
1044 367 1166 417 solus,
1197 367 1310 422 quod
1332 367 1432 407 nulli
1453 365 1520 408 alii
1542 378 1622 408 un·-

295 445 421 486 quam
461 429 634 486 contigit
684 428 923 487 Qaestione
950 428 1112 467 decretfa
1148 427 1198 467 de
1232 438 1363 467 morte
1396 428 1441 468 Ρ.
1464 426 1618 475 Clodii,

294 489 404 531 Milo
433 489 591 546 judicio
623 489 839 528 damnatus
871 487 912 526 in
945 486 1129 526 exfilium
1151 485 1266 525 aftus
1288 485 1358 526 est.
1424 485 1515 527 Lex
1536 487 1621 526 lata

296 549 369 598 est,
418 559 463 589 ut
501 547 605 588 ratio
644 546 818 587 absentis
858 545 1027 586 Caesaris
1068 545 1109 584 in
1151 544 1347 599 petitione
1384 543 1618 586 consulatus

295 607 530 658 haberetur,
548 604 1055 647 invito&contradicente
1093 605 1155 645 M.
1184 602 1355 645 Catone.
1416 602 1619 644 Praeterea

297 681 361 707 res
383 666 513 722 gestas
547 681 570 706 a
601 664 650 706 C.
673 664 828 706 Caesare
858 663 1049 704 adversim
1084 662 1243 712 Gallos,
1271 662 1343 716 qui
1377 661 1502 716 prope
1526 661 1619 702 uni-

296 727 410 773 verfi,
460 724 828 779 Vercingentorige
872 724 1060 764 Arverno
1111 723 1234 771 duce,
1274 720 1530 769 defecerunt,
1575 723 1614 761 δι

295 783 511 824 laboriosas
528 783 755 824 obsidiones
776 781 938 822 urbium
960 782 1142 822 continet
1163 796 1171 821 :
1202 780 1308 821 inter
1330 794 1432 834 quas
1454 778 1623 820 Avarici

297 842 548 898 Biturigum,
580 845 620 884 δι
643 841 862 897 Gergoviae
895 843 1193 883 Arvernorum.

737 975 978 1017 LIBRI
1044 976 1212 1018 CVIII.

304 1094 365 1147 C·
399 1108 535 1152 Caesar
564 1108 710 1150 Gallos
731 1109 781 1149 ad
805 1107 981 1149 Alesiam
1012 1107 1123 1156 vici-t,
1154 1106 1375 1162 omnesque
1398 1105 1545 1147 Gallia:
1567 1106 1630 1146 oi».

300 1169 460 1218 vitates,
491 1183 584 1223 quae
601 1167 642 1207 in
660 1167 782 1208 armis
812 1167 991 1216 fuerant,
1022 1167 1062 1206 in
1081 1166 1332 1206 deditionem
1349 1165 1518 1220 accepit.
1572 1166 1622 1206 C.

302 1227 475 1278 Caffius,
518 1226 692 1281 quaessor
736 1226 801 1268 M.
839 1224 979 1274 Crassi,
1032 1224 1219 1272 Parthos,
1271 1224 1342 1278 qui
1384 1224 1426 1264 in
1461 1223 1624 1279 Syriam

299 1286 647 1335 transcenderant,
678 1283 840 1326 cecidit.
901 1285 950 1324 ln
971 1283 1166 1338 petitione
1187 1281 1420 1325 consulatus
1438 1282 1504 1323 M.
1520 1281 1626 1323 Cato

298 1345 500 1399 repulsam
519 1344 629 1394 tulit,
662 1343 807 1384 creatis
839 1342 1072 1384 consulibus
1101 1342 1189 1383 Ser.
1210 1341 1409 1397 Sulpicio.
1435 1341 1494 1382 M.
1511 1341 1627 1382 Mar·

296 1405 416 1444 cello,
479 1403 527 1444 C.
551 1402 687 1443 Caesar
718 1403 955 1443 Bellovacos
987 1415 1082 1442 curn
1104 1400 1192 1442 aliis
1222 1400 1443 1441 Gallorum
1462 1399 1629 1455 populis

297 1461 473 1503 domuit.
533 1463 733 1503 Praeterea
761 1460 1044 1502 contentiones
1071 1460 1178 1501 inter
1199 1458 1384 1501 consules
1401 1459 1451 1500 de
1473 1458 1628 1500 succes·

299 1520 386 1562 sore
407 1519 456 1561 C.
481 1519 632 1561 Caesari
661 1519 876 1567 mittendo,
909 1528 1053 1573 agente
1086 1519 1125 1559 in
1163 1518 1303 1559 senatu
1327 1518 1394 1559 M.
1425 1518 1631 1560 Marcello

300 1579 481 1629 consule,
505 1590 549 1618 ut
571 1577 705 1618 Caesar
720 1579 769 1619 ad
790 1577 1027 1632 petitionem
1051 1576 1284 1618 consulatus
1304 1576 1475 1626 veniret,
1495 1591 1628 1631 quum

300 1639 334 1682 is
364 1639 451 1693 lege
473 1636 553 1678 lat-21
572 1637 614 1676 in
646 1637 686 1676 id
719 1647 882 1690 tempus
918 1635 1150 1676 consulatus
1183 1635 1411 1689 provincias
1442 1635 1628 1676 obtinere

301 1696 484 1749 deberet,
515 1695 657 1749 resque
675 1710 696 1735 a
722 1696 786 1738 M.
805 1695 952 1734 Bibulo
967 1694 1008 1734 in
1029 1692 1145 1749 Syria
1167 1694 1296 1749 gestas
1315 1693 1508 1734 continet.

761 1818 1002 1860 LIBRI
1066 1817 1188 1861 CIX,

304 1933 475 1996 CAusae
517 1953 700 1996 civilium
752 1967 959 1994 armorum
998 1955 1038 1994 ὅτ
1082 1951 1197 1992 initia
1233 1951 1483 2003 referuntur,
1531 1968 1646 2001 cons

301 2013 583 2066 tentionesque
620 2014 669 2052 de
703 2011 923 2053 succeffore
967 2013 1018 2052 C.
1053 2011 1203 2052 Caesari
1236 2012 1452 2061 mittendo,
1498 2027 1628 2066 quum

303 2068 339 2108 se
377 2072 632 2112 dimissurum
663 2071 866 2112 exereitus
898 2083 1079 2125 negaret,
1111 2070 1180 2110 nili
1219 2085 1240 2110 a
1262 2070 1461 2126 Pompeio
1489 2072 1631 2113 dimit-

302 2139 496 2171 terentur.
535 2132 572 2170 δε
610 2130 660 2170 C.
694 2128 887 2170 Curionis
914 2128 1068 2170 tribuni
1113 2127 1241 2183 plebis
1273 2130 1455 2184 primitm
1487 2132 1639 2171 adver--

300 2189 368 2231 sus
383 2188 711 2235 Cctsarenndein
734 2202 808 2243 pro
828 2187 987 2228 Caesare
1019 2187 1203 2228 actiones
1233 2189 1429 2229 continet.
1481 2189 1635 2246 Quum'

302 2247 693 2288 senatusconsultum
716 2246 876 2288 fac‘tum
911 2247 1022 2298 estet,
1055 2256 1100 2286 ut
1123 2246 1321 2288 succefl‘or
1350 2246 1501 2288 Caesari
1534 2248 1629 2288 mit-

302 2314 470 2356 teretur,
504 2306 567 2348 M.
590 2306 772 2347 Antonio
793 2308 831 2347 Sc
852 2305 906 2361 Q.
929 2305 1060 2346 Cassio
1082 2304 1255 2346 tribunis
1271 2305 1416 2360 plebis,
1431 2305 1630 2360 quoniam-

302 2363 647 2407 interceffionibus
685 2364 726 2404 id
762 2360 1151 2405 senatusconsultum
1190 2364 1482 2418 impediebant,
1529 2366 1628 2407 urbe

302 2424 439 2477 pulslS,
472 2424 712 2464 mandatum
744 2421 801 2462 est
843 2436 864 2462 a
901 2422 1040 2462 senatu
1082 2422 1316 2464 consulibus
1346 2427 1385 2466 &
1409 2423 1487 2464 Cn.
1508 2426 1631 2468 Pom-

302 2482 413 2536 peio,
446 2492 491 2522 ut
511 2482 711 2530 viderent,
732 2495 783 2521 ne
806 2481 904 2535 quid
936 2480 1159 2536 respublica
1197 2481 1429 2523 detrimenti
1450 2492 1628 2538 caperet.

303 2539 351 2580 C.
375 2540 524 2588 Caesar,
554 2540 661 2580 bello
691 2539 878 2580 inimicos
913 2540 1216 2594 persecuturus,
1247 2554 1343 2581 cum
1371 2541 1554 2582 exercitu
1585 2539 1631 2580 in

304 2598 462 2639 {taliam
485 2600 624 2648 venit3
657 2597 889 2640 Corfinium
913 2612 1009 2639 cum
1029 2596 1076 2638 L.
1101 2598 1291 2640 Domitio
1313 2602 1355 2642 δι
1377 2599 1428 2639 L.
1448 2598 1633 2639 Lentulo

304 2656 426 2708 cepit,
458 2657 606 2710 eosque
645 2656 806 2696 dimifit.
869 2657 947 2698 Cn.
985 2656 1231 2713 Pompeium
1265 2655 1502 2712 ceterosque
1537 2671 1630 2711 par-

300 2713 403 2754 tium
421 2715 507 2763 eius
528 2714 640 2756 ltalia
657 2715 830 2770 expulit.

1467 2772 1629 2815 Ltsslu
