1830 3131
129 199 208 238 288

657 200 1036 245 EPITOME
1096 202 1318 247 L113.101.

339 325 524 367 granem,
555 313 840 370 summamque
861 314 1031 356 vietoria
1052 316 1293 371 imponeret,
1326 317 1466 359 seditio
1487 317 1664 360 militum

337 371 488 426 tenuit,
520 374 593 429 qui
627 373 738 430 sequi
771 373 988 415 nolebant:
1017 374 1059 416 id
1098 375 1170 425 est,
1202 377 1298 430 quia
1338 378 1520 434 legiones
1546 377 1666 419 vale-

335 430 475 483 rianae,
523 432 689 489 impleta
721 448 743 474 a
774 433 812 474 se
852 433 1049 488 stipendia
1089 434 1287 486 dicentes,
1320 435 1542 479 Lucullum
1572 436 1666 477 reli-

334 501 527 543 querunt.

774 625 1011 666 LIBER
1075 624 1243 666 XCIX.

344 716 469 800 Q·
503 740 700 783 Metellus
730 740 946 796 proconsul
971 741 1171 793 Gnoffon,
1205 745 1245 785 &
1267 741 1463 799 Lycium,
1499 744 1666 801 δι’-ΟΥ-

331 801 512 848 doniam,
546 802 586 841 δε
616 800 713 840 alias
768 800 964 854 plurimas
997 800 1116 842 urbes
1156 801 1423 856 expugnavit.
1485 802 1535 844 L.
1558 803 1665 845 Ros-

331 859 419 900 cius
441 857 628 899 tribunus
650 857 778 913 plebis
812 860 943 914 legem
974 861 1079 908 tulit,
1113 869 1156 900 ut
1179 859 1384 915 equitibus
1402 859 1604 902 Romanis
1623 862 1665 902 in

331 917 490 957 theatro
513 917 824 970 quatuordecim
846 919 994 973 gradus
1016 918 1194 973 proximi
1216 919 1521 974 assignarentur.
1583 919 1664 960 Cn.

331 974 569 1029 PompeiuS,
601 976 690 1031 lege
719 977 769 1016 ad
789 977 987 1031 populum
1010 977 1103 1026 latri,
1135 977 1322 1032 persequi
1351 977 1502 1031 piratas
1519 977 1666 1035 juffus,'

332 1034 403 1088 qui
420 1036 713 1074 commercium
735 1048 908 1075 annonae
928 1035 1250 1085 intercluserant,
1283 1036 1388 1076 intra
1410 1037 1665 1093 quadragesi-

333 1106 448 1132 mum
469 1093 576 1132 diem
617 1102 703 1134 toto
740 1095 840 1134 mari
868 1108 937 1135 eos
970 1095 1157 1149 expulit3
1190 1094 1378 1149 belloque
1416 1109 1512 1136 cum
1542 1096 1591 1137 iis
1622 1097 1666 1137 in

332 1151 478 1193 Cilicia
500 1150 708 1200 confefitm
739 1153 916 1207 acceptis
953 1153 992 1193 in
1027 1153 1278 1194 deditionem
1308 1153 1464 1209 piratis,
1480 1168 1598 1210 agros
1622 1158 1664 1196 ἃ

332 1209 452 1250 urbes
473 1210 597 1251 dedit.
659 1209 861 1251 Praeterea
880 1226 941 1252 res
965 1211 1093 1266 gestas
1124 1226 1145 1251 a
1181 1212 1236 1262 Q.
1263 1212 1440 1255 Metello
1471 1211 1664 1254 adversus

333 1268 545 1311 Cretenses
576 1269 774 1318 continet,
807 1272 847 1311 δι’
870 1270 1058 1324 epistolas
1094 1270 1255 1312 Metelli
1286 1272 1327 1312 &
1362 1269 1440 1312 Cn.
1477 1270 1664 1326 Pompeii

332 1328 509 1370 invicem
547 1328 692 1368 miss'as.
746 1328 947 1386 Qeritur
985 1329 1198 1379 Metellus,
1230 1329 1402 1384 gloriam
1425 1328 1494 1370 fibi
1526 1343 1666 1371 rerum

333 1386 538 1442 gestarum
561 1401 582 1426 a
607 1389 802 1441 Pompeio
824 1388 1002 1442 praeripi,
1036 1388 1106 1441 qui
1135 1387 1178 1427 in
1215 1387 1383 1429 Cretam
1425 1388 1580 1432 miserit
1608 1389 1668 1430 le-

333 1455 475 1501 gatum
517 1459 638 1486 suum
671 1447 721 1486 ad
757 1446 1012 1500 accipiendas
1050 1446 1212 1487 urbium
1235 1447 1479 1492 deditiones.
1539 1447 1664 1490 Pom-

334 1504 450 1559 peius
481 1504 681 1546 rationem
701 1504 848 1554 reddit,
891 1504 969 1546 hoc
993 1504 1030 1544 se
1055 1504 1188 1546 facere
1210 1505 1403 1548 debuiss‘e.

832 1626 1053 1688 Lrss'nt
1120 1647 1171 1688 c,

339 1754 399 1810 C.
427 1769 628 1812 Manilius
649 1769 836 1811 tribunus
859 1770 985 1825 plebis
1007 1770 1153 1825 magna
1176 1769 1453 1826 indignatione
1477 1769 1663 1812 nobilita-

337 1828 388 1870 tis
421 1830 552 1885 legem
575 1829 682 1877 tulit,
715 1841 759 1869 ut
791 1828 987 1884 Pompeio
1022 1828 1350 1870 Mithridaticum
1373 1830 1528 1871 bellum
1550 1843 1666 1870 man-

337 1890 513 1928 daretur.
576 1887 734 1929 Concio
775 1888 864 1943 ejus
906 1888 1024 1928 bona.
1086 1888 1151 1946 Q
1181 1889 1392 1939 Metellus,
1423 1888 1666 1943 perdomitis

337 1945 614 1998 Cretensibus,
647 1946 784 1987 liberae
798 1947 838 1986 in
862 1946 901 1987 id
920 1958 1081 2001 tempus
1102 1945 1240 1987 insulae
1273 1948 1380 2003 leges
1398 1947 1522 1988 dedit.
1584 1946 1663 1988 Cn.

336 2005 573 2060 Pompeius,
605 2007 655 2046 ad
691 2006 915 2060 gerendum
950 2005 1102 2046 bellurn
1145 2003 1334 2047 adversus
1376 2004 1664 2048 Mithridatem

337 2062 567 2117 profectus,
599 2075 694 2104 cum
714 2077 808 2118 rege
838 2063 1082 2105 Parthorum
1114 2063 1287 2104 Phraate
1309 2063 1529 2104 amicitiam
1547 2077 1668 2104 reno-

336 2122 459 2172 vavit,
490 2121 666 2176 equestri
699 2122 846 2176 proelio
883 2121 1166 2163 Mithridatem
1188 2124 1298 2164 vicit.
1358 2123 1560 2164 Praeterea
1580 2121 1668 2163 bel-

336 2182 423 2221 lum
446 2181 551 2221 inter
572 2180 788 2222 Phraatem
822 2181 1066 2221 Parthorum
1088 2195 1240 2237 regern,
1276 2186 1316 2226 ἀ
1338 2181 1564 2237 Tigranem
1585 2181 1667 2221 Ar-

336 2239 584 2288 meniorum,
616 2254 662 2280 ac
702 2239 847 2281 deinde
884 2240 988 2281 inter
1011 2240 1234 2297 Tigranem
1257 2239 1388 2281 filium
1409 2249 1667 2297 patremque,

336 2298 512 2354 gestum,
544 2298 739 2340 continet.

826 2410 1052 2454 LIBRI
1118 2409 1194 2452 CI.

323 2516 442 2581 ,(ῘΝ.
475 2531 694 2585 Pompeius
731 2528 1032 2579 Mithridatem,
1076 2527 1282 2570 noeturno
1304 2506 1460 2584 'proelio
1489 2527 1664 2578 vidium,

341 2590 475 2644 coie'git
512 2589 754 2643 Bosphoron
785 2589 1017 2642 profugere.
1078 2588 1301 2643 Tigranem
1343 2587 1384 2627 in
1414 2585 1668 2627 deditionem

340 2647 512 2701 accepit,
543 2649 678 2701 eique,
708 2647 910 2701 ademptis
944 2646 1075 2702 Syria,
1126 2645 1339 2695 Phoenice,
1383 2642 1543 2692 Cilicia,
1575 2656 1667 2698 reg-

341 2718 439 2744 num
466 2706 672 2745 Armeniae
712 2706 898 2746 restituit.
959 2704 1200 2760 Conjuratio
1233 2717 1393 2753 eorum,
1425 2700 1495 2756 qui
1528 2701 1572 2741 in
1592 2715 1665 2755 pe-

341 2762 483 2804 titione
515 2761 746 2806 consulatus
783 2760 959 2805 ambitus
982 2762 1309 2812 damnatierant,
1339 2759 1449 2804 faita
1469 2759 1666 2860 ‹zeinter-

1510 2817 1667 2862 ciendis
