1830 3131
394 220 623 275 LIBER
674 218 811 261 XLV.
865 218 1023 260 CAP.
1074 218 1237 260 XXXI.

145 333 361 378 Romanos
383 334 611 392 praebuiffet
632 336 682 376 ad
715 335 982 377 ministerium
1004 335 1140 376 caedis.
1200 334 1282 375 Hic
1303 345 1475 377 eventus

149 394 386 435 AEtolorum
409 395 536 436 causae
560 395 600 435 in
624 393 816 436 omnibus
834 394 1008 436 Graeciae
1026 393 1217 449 gentibus
1235 395 1475 448 populisque

149 466 311 504 eorum,
333 454 403 508 qui
426 455 550 508 partis
573 454 860 494 Romanorum
893 453 1072 502 fuerant,
1101 455 1131 501 ἹῘ
1153 450 1309 492 inflavit
1334 454 1383 491 ad
1416 453 1476 491 in-

149 513 401 552 tolerabilem
442 512 670 568 superb'iam
713 512 902 561 animos;
956 514 994 552 δε
1029 511 1274 565 †obnoxios
1305 509 1478 565 pedibus

148 584 291 611 eorum
315 570 498 627 subjecit,
522 587 624 626 quos
647 572 780 625 aliqu&
813 580 926 626 parte
957 569 1127 624 suspicio
1160 569 1310 610 favoris
1342 569 1384 608 in
1413 583 1480 609 re-

148 639 243 683 gem
263 634 286 682 ss
308 630 548 685 contigerat.
609 631 708 671 Tria
742 643 890 685 genera
917 629 1151 684 principum
1174 629 1215 668 in
1244 626 1479 668 civitatibus

147 696 263 727 erant
283 703 292 727 :
327 689 425 739 duo,
447 703 537 743 quae
562 694 576 739 Η
602 690 806 729 adulando
828 698 899 728 aut
929 688 1216 728 Romanorum
1240 687 1480 742 imperium,

148 755 218 785 aut
243 746 465 788 amicitiam
487 762 647 803 regum,
683 747 750 788 fibi
783 747 972 802 privatim
1003 761 1102 801 opes
1131 745 1323 801 oppressis
1356 745 1482 786 facie-

147 803 245 844 bant
267 805 527 848 civitatibus:
559 808 741 847 medium
782 820 928 855 unum,
961 807 1124 859 utrique
1165 805 1304 860 generi
1335 806 1478 846 adver.-

149 863 254 914 sum,
291 864 519 906 libertatem
554 870 592 908 δι
632 869 737 921 leges
772 866 975 905 tuebatur.
1036 865 1118 905 His
1153 875 1196 904 ut
1218 865 1349 920 major
1370 863 1481 917 apud

148 921 240 963 suos
262 923 422 975 caritas,
439 925 494 965 ita
513 928 645 966 minor
668 925 774 979 apud
791 935 981 965 externos
997 923 1125 979 gratia
1142 933 1241 963 erat.
1277 922 1480 963 Secundis

149 981 270 1022 rebus
292 983 386 1022 elati
409 984 697 1023 Romanorum
734 984 858 1036 partis
880 984 968 1038 ejus
1001 983 1197 1031 fautores,
1233 981 1302 1021 soli
1323 992 1412 1021 tum
1437 980 1479 1025 i-,n

150 1041 473 1096 magistratibuS,
503 1042 573 1082 soli
605 1042 647 1082 in
678 1043 948 1097 legationibus
970 1052 1099 1082 erant.
1161 1041 1221 1080 Hi
1243 1054 1374 1095 quum
1397 1039 1479 1078 fre-

148 1110 320 1154 quentes
359 1103 400 1142 &
441 1115 490 1141 ex
525 1100 824 1156 Peloponneso,
863 1104 901 1142 δε
946 1115 995 1140 ex
1036 1097 1212 1148 Boeotia,
1249 1103 1284 1140 ἐς
1318 1113 1367 1138 cx
1391 1097 1479 1140 aliis

149 1159 327 1201 Graeciae
352 1161 535 1206 conciliis
559 1161 749 1210 adessent,
782 1160 1002 1214 implevere
1025 1173 1142 1199 aures
1164 1159 1306 1198 decem
1325 1158 1479 1212 legato-

150 1231 276 1259 rum:
309 1217 398 1258 Non
420 1234 474 1259 eos
502 1218 668 1269 tanticm,
701 1220 766 1273 qui
790 1218 836 1277 st?
866 1219 1062 1274 propalam
1078 1226 1152 1272 per
1184 1220 1250 1273 (1)
1271 1217 1478 1256 vanitatem

137 1277 352 1333 jchff'nt,
383 1287 563 1333 tanquam
600 1276 751 1333 hospites
795 1277 848 1316 ἐῢ*
887 1279 1021 1317 amicos
1064 1277 1206 1332 Persei,
1242 1275 1316 1330 sed
1363 1275 1480 1315 multo

141 1336 276 1390 plures
295 1336 385 1375 alios
404 1351 448 1376 ex
463 1337 594 1376 occulto
603 1336 761 1393 jav1ffi2.
786 1336 942 1390 reliquos
953 1336 1190 1392 perspeciem
1206 1334 1346 1374 tuendae
1366 1334 1480 1373 liber-

150 1395 241 1434 tatis
261 1396 300 1434 in
313 1395 472 1435 conciliis
491 1393 675 1450 adversi&
694 1396 880 1435 Romanos
899 1396 1021 1434 omnia
1042 1390 1277 1452 instruxffl’„
1290 1407 1353 1432 nec
1369 1393 1482 1432 aliter

150 1468 213 1494 eas
244 1453 444 1511 mansuros
474 1456 512 1494 in
534 1453 619 1509 fide
650 1462 792 1508 gentes,
824 1453 901 1508 nfi,
931 1453 1082 1509 fraffis
1117 1453 1255 1492 animis
1289 1452 1481 1504 partium,

149 1515 316 1552 aleretur
335 1511 693 1567 ceffirmaretnrque
724 1513 930 1551 αιιὲῗονὶΐω
949 1527 1089 1560 eorum,
1122 1511 1188 1565 qui
1220 1509 1319 1549 nihil
1341 1518 1483 1564 praeter

150 1572 348 1626 imperium
377 1571 634 1611 Romanorum
655 1571 913 1624 †spec7arent.
979 1569 1045 1610 Ab
1077 1569 1140 1610 his
1163 1569 1282 1609 editis
1303 1568 1484 1608 nomini-

150 1628 242 1679 bus,
263 1629 420 1670 cvocati
441 1632 505 1686 (2)
526 1629 652 1669 literis
673 1628 932 1683 imperatoris
951 1643 1004 1669 ex
1036 1624 1205 1677 AEtolia,
1231 1624 1483 1670 Acarnania-

151 1702 248 1742 que,
274 1690 312 1730 &
339 1689 479 1743 Epiro,
513 1692 552 1729 δι
578 1688 754 1737 Boeotia,
786 1688 857 1742 qui
883 1688 1064 1728 Romam
1085 1688 1134 1728 ad
1158 1686 1320 1728 causam
1341 1686 1481 1727 dicen-

1617 229 1698 272 237

151 1749 246 1787 dam
287 1746 580 1802 sequerentur:
636 1747 676 1786 in
732 1746 933 1788 Achaiam
975 1761 1029 1787 ex
1069 1748 1213 1787 decem
1250 1746 1479 1800 legatorum
1500 1749 1694 1792 Inquyitionn

150 1819 324 1850 numero
352 1806 531 1862 profecti
553 1806 651 1855 duo,
689 1805 738 1847 C.
762 1805 962 1847 Claudius
992 1808 1032 1849 δι
1066 1806 1147 1847 Cn.
1180 1804 1411 1854 Domitius,
1438 1814 1481 1844 ut
1501 1798 1584 1825 ineos
1601 1796 1708 1837 quisq..

150 1920 265 1980 qubd
288 1922 450 1965 fiduciae
472 1926 563 1978 plus
599 1922 913 1977 animorumque
946 1923 1022 1964 effe
1055 1922 1217 1965 Acbaeis
1238 1923 1287 1962 ad
1319 1925 1380 1978 (3)
1398 1937 1483 1963 non

151 1984 380 2037 parendum
403 1982 637 2031 credebant,
673 1986 712 2024 δι
748 1982 915 2023 forfitan
944 1985 1066 2023 etiam
1098 1982 1140 2021 in
1178 1981 1361 2036 periculo
1394 1983 1483 2022 fore

154 2041 418 2082 Callicratem
445 2045 483 2082 δι
518 2053 675 2082 ceteros
707 2041 929 2082 criminum
960 2041 1149 2082 auctores
1172 2040 1483 2095 delatoresque:

154 2101 293 2149 altera,
317 2113 390 2141 cur
410 2100 632 2154 praesentes
654 2111 886 2149 evocarent,
909 2100 1026 2140 causa
1047 2110 1149 2150 erat,
1173 2099 1291 2153 quod
1313 2113 1362 2139 ex
1396 2100 1486 2140 aliis

154 2159 345 2216 gentibus
372 2159 605 2214 principum
624 2158 761 2200 literas
783 2158 1050 2214 deprehensas
1069 2160 1109 2198 in
1132 2162 1162 2208 Ἦ
1179 2158 1485 2200 commentariis

153 2217 276 2274 regiis
308 2218 537 2258 habebant:
564 2217 607 2257 in
643 2218 810 2259 Achaeis
840 2232 998 2258 caecum
1024 2228 1110 2258 erat
1145 2217 1319 2267 crimen,
1361 2217 1485 2257 nullis

154 2290 298 2318 eorum
320 2276 446 2317 literis
464 2276 651 2317 inventis.
715 2275 865 2318 AEtolis
883 2277 1062 2326 dimissis,
1087 2278 1354 2317 Acarnanum
1386 2276 1486 2316 cita-

153 2343 195 2376 ta
231 2350 360 2392 gens:
396 2336 438 2376 in
472 2335 538 2381 his
581 2335 683 2375 nihil
716 2346 929 2386 novatum,
974 2336 1046 2376 nisi
1083 2335 1197 2390 quod
1234 2335 1486 2375 Leucascx-

155 2403 291 2449 empta
319 2394 377 2436 est
419 2395 686 2437 Acarnanum
728 2394 920 2436 concilio.
984 2395 1225 2454 Qaercndo
1256 2393 1404 2433 deinde
1425 2394 1483 2432 la-

1387 2453 1486 2501 tisis,

207 2646 244 2677 C.
270 2654 322 2685 31.
349 2644 405 2685 (r)
426 2645 488 2675 Per
507 2643 723 2676 inconsultam
740 2643 919 2676 levitatem.
965 2643 1024 2686 (2)
1050 2643 1118 2674 Has
1133 2642 1243 2674 literas
1267 2625 1409 2674 invitum
1434 2642 1488 2674 de-

164 2690 240 2723 disse
257 2690 429 2723 AEmiliurn
446 2690 547 2722 tradit
566 2689 676 2729 Polyb.
695 2691 773 2724 Ere.
789 2692 904 2733 Legat.
921 2701 955 2724 n,
980 2700 1034 2731 94.
1081 2688 1136 2731 (3)
1162 2689 1210 2720 Ita
1228 2689 1326 2731 supra
1345 2689 1364 2721 l.
1388 2699 1443 2729 4¹·
1461 2700 1488 2719 ε,

1441 2742 1480 2765 r·

151 1865 162 1872 .
300 1865 307 1872 .
1112 1865 1119 1871 .
1500 1849 1603 1872 verant
1620 1846 1697 1874 Par·

149 1865 223 1920 Jpsi
245 1865 384 1906 edicto
405 1875 634 1906 evocarent.
701 1866 746 1905 ld
768 1864 926 1905 duabus
944 1866 993 1904 de
1015 1866 1143 1905 causis
1166 1862 1350 1904 faetum:
1384 1878 1551 1930 unatfio.
