1794 3121
142 203 225 244 422

210 314 365 371 populo
388 315 428 356 in
450 314 595 356 funere
617 314 775 366 matris,
791 315 875 356 viii.

215 386 286 415 22.
308 372 499 417 tribunus
525 372 669 430 plebis,
695 386 759 427 37.
799 373 880 414 fert

210 433 263 478 ad
291 433 507 488 populum,
528 441 575 474 ut
602 432 644 475 in
674 431 880 474 Tuscula-

209 505 287 532 nos
307 492 673 542 animadvertatur,
696 491 790 532 ibid.

159 549 225 593 M.
241 551 485 608 FIavulejus,
508 550 710 600 centurio,
731 551 772 591 ii.
795 563 866 605 45.

161 609 369 660 Floronia,
392 610 507 665 virgo
528 609 720 659 Vestalis,
757 608 885 664 stupri

219 680 443 723 comperta,
467 680 584 710 xxn.
603 680 673 723 57.

160 728 333 770 Flumen
374 728 555 768 manavit
576 726 785 783 sanguine.
803 726 885 767 vid.

221 785 472 841 Prodigium.

160 846 433 888 Flumentana
456 852 589 898 porta,
605 842 660 882 vi.
681 856 885 885 20.xxxV.

223 917 292 945 21.

163 962 347 1003 Foederis
369 959 541 1000 feriendi
573 959 691 1011 ritus,
713 962 740 1002 i.
762 973 831 1010 24.

164 1021 390 1062 foederum
427 1019 502 1059 tria
539 1031 707 1074 genera,
744 1022 889 1065 xxxiv.

166 1139 214 1180 de
232 1139 452 1180 Foederurn
486 1135 578 1193 jure
601 1136 708 1178 inter
738 1137 897 1178 Roma-

222 1212 299 1239 nos
341 1195 780 1251 Carthaginiensesque
822 1195 898 1236 dis-

223 1256 416 1312 ceptatio,
442 1257 538 1294 xxi.
564 1269 627 1310 19.

168 1315 323 1357 Foedus
358 1315 646 1355 Romanorum
678 1328 777 1356 cum
800 1315 895 1356 Poe-

224 1375 306 1426 nis,
328 1386 448 1415 xxx.
472 1385 542 1427 37.
577 1387 647 1428 43.

300 1446 399 1474 cum
437 1431 608 1480 AEtolis,
657 1432 773 1474 xxvi.
825 1445 893 1483 24.

226 1492 406 1533 xxxviii.
430 1505 473 1545 9.

303 1564 402 1591 cum
423 1548 631 1605 Philippo,
661 1548 785 1588 xxix.
830 1564 892 1593 11-

229 1609 393 1650 Xxxiii.
414 1623 482 1663 30.

305 1682 402 1710 cum
423 1664 604 1716 Nabide,
626 1668 769 1707 xxxiv.
794 1680 815 1721 3
829 1677 867 1719 ς.

171 1752 284 1762 -—-—
305 1741 401 1769 cum
438 1723 670 1778 Antiocho,
702 1726 898 1766 xxxviii.

231 1787 301 1840 38.

171 1868 284 1876 -——
306 1841 479 1897 Philippi
527 1854 624 1884 cum
676 1841 900 1896 Annibale,

229 1914 347 1942 xxul.
371 1915 438 1958 33.

174 1959 333 2001 Foenus
357 1959 608 2011 unciarium,
629 1960 701 2001 vii.
732 1963 794 2002 16.
818 1962 898 2004 vid.

231 2028 268 2060 et
288 2019 357 2062 vii.
383 2030 442 2060 21.
466 2018 783 2062 semunciarium
814 2020 900 2062 fac-

231 2088 323 2119 tum
343 2090 400 2120 ex
422 2077 621 2128 unciario,
643 2079 711 2119 vii.
747 2091 814 2132 27·

175 2137 356 2179 Foenore
370 2136 505 2180 obruti
525 2139 748 2188 debitores,
764 2146 897 2180 xxxvi

176 2255 464 2297 Foeneratores
514 2255 788 2304 mulctantur,
832 2254 899 2295 vii.

234 2317 307 2358 28.
325 2328 370 2353 x.
392 2321 466 2369 231
502 2326 635 2356 xxxv.
667 2327 739 2366 41.
757 2327 902 2354 eorum

231 2371 490 2428 improbitas,
511 2371 592 2416 viii.
628 2376 697 2415 28.

173 2430 460 2472 Foeneratores
475 2445 531 2472 ex
550 2431 737 2476 Sardinia
753 2429 901 2490 fugan-

233 2500 322 2539 tur,
345 2489 490 2530 xxxii.
514 2504 583 2546 27.

175 2546 285 2589 Fons
305 2549 518 2600 Herculis,
538 2549 641 2591 xxii.
665 2562 695 2590 1.

173 2604 240 2646 M.
291 2607 487 2664 FonteJus
534 2616 696 2651 creatur
731 2615 900 2663 praetor,

231 2665 317 2706 xlv.
340 2676 411 2717 44.

937 313 985 354 P.
1036 313 1234 370 Fontejus

663 188 1122 231 INDEX.

1302 311 1455 356 Balbus
1508 324 1671 357 creatur

993 381 1160 427 praetor,
1183 372 1281 413 xliv.
1312 385 1374 426 17.
1392 371 1556 414 sortitur
1578 374 1675 416 His-

999 430 1180 486 paniam.
1203 431 1291 472 ibid.
1619 436 1621 439 ’

941 490 990 533 P.
1033 488 1230 546 Fontejus
1272 487 1442 545 Capito,
1508 500 1674 545 praetor,

1003 547 1108 590 xliii.
1154 563 1168 591 1
1183 564 1217 592 1.
1240 549 1409 592 sortitur
1429 550 1676 602 Sardiniam,

1012 620 1075 656 ¹7-

946 667 1002 709 T.
1024 667 1237 724 Fontejus,
1260 666 1435 722 legatus,
1471 679 1582 709 xxv.
1605 679 1675 724 34.

1008 739 1127 766 xxvi.
1159 737 1221 778 17.

948 785 1003 828 T.
1059 785 1255 840 Fontejus
1309 781 1463 839 Capito
1516 793 1680 827 creatur

1006 852 1173 901 praetor‚
1197 843 1251 883 xl.
1291 855 1364 898 59.
1397 840 1563 884 sortitur
1582 843 1682 885 His.

1007 903 1172 961 paniam
1216 902 1472 952 ulteriorem,
1515 902 1592 942 xli.
1638 916 1678 946 2.

1009 959 1228 1018 proconsul
1266 960 1309 1000 in
1359 958 1560 1015 Hispania
1595 974 1684 1003 ma·

1012 1035 1108 1062 nere
1129 1019 1313 1076 jubetur,
1337 1032 1402 1072 ¹9·

953 1080 1175 1121 Fontinalis
1188 1087 1323 1134 porta,
1341 1090 1482 1118 xxxv.
1506 1093 1573 1121 ιο.

957 1139 1105 1181 forem
1129 1151 1184 1178 ex
1208 1137 1295 1178 aede
1317 1135 1471 1190 Lunae,
1504 1151 1601 1192 quae
1639 1137 1681 1178 in

1014 1199 1225 1241 Aventino
1275 1194 1349 1244 est,
1396 1205 1557 1251 raptam
1602 1194 1685 1237 fert

1014 1270 1135 1297 atrox
1176 1253 1411 1308 tempestas,
1459 1254 1564 1296 &in
1593 1253 1686 1310 pos-

1013 1315 1102 1358 ticis
1138 1312 1361 1369 parietibus
1392 1312 1559 1355 Cereris
1580 1322 1685 1355 tem-

1014 1374 1070 1429 pli
1100 1373 1259 1429 adfigit,
1284 1373 1344 1413 xl.
1371 1386 1412 1415 2.

955 1433 1078 1476 Fores
1099 1431 1287 1487 Sulpicii,
1324 1432 1475 1474 tribuni
1490 1432 1685 1484 militum,

1011 1493 1121 1548 virga
1143 1490 1321 1547 percutit
1338 1490 1473 1541 lister,
1495 1493 1549 1533 vi.
1583 1503 1653 1548 34.

954 1550 1048 1590 Fori
1070 1551 1111 1589 in
1134 1551 1261 1599 circo,
1284 1548 1312 1588 i.
1335 1562 1407 1605 35.
1434 1550 1487 1593 ἐφ’
1516 1553 1588 1608 56.

957 1608 1051 1649 Fori
1069 1608 1241 1663 publici,
1267 1609 1397 1649 xxix.
1421 1621 1491 1665 37.

955 1667 1149 1717 formiae,
1176 1679 1320 1706 xxxv.
1341 1681 1408 1709 21.

956 1726 1175 1769 Formiana
1198 1726 1307 1775 saxa,
1333 1725 1439 1766 xxii.
1468 1725 1532 1767 16.

958 1785 1187 1829 Formianis
1223 1785 1365 1827 civitas
1393 1785 1474 1825 {ine
1495 1783 1687 1841 suffragio

1017 1844 1128 1894 data,
1150 1843 1233 1884 viii.
1263 1855 1326 1893 14.
1349 1854 1439 1887 tum
1455 1844 1580 1900 longo
1597 1844 1687 1900 post

1019 1911 1206 1957 tempore
1286 1902 1468 1960 suffragii
1571 1903 1688 1956 latio,

1020 1961 1197 2002 xxxviii.
1223 1961 1292 2016 36.
1683 1969 1685 1971 ’

961 2019 1203 2062 Formianus
1220 2034 1330 2076 ager,
1355 2034 1399 2060 x.
1423 2033 1492 2075 31.

961 2079 1203 2122 Formianus
1226 2093 1360 2131 mons,
1383 2081 1536 2120 xxxix.
1558 2087 1630 2129 44.

959 2139 994 2182 F
997 2138 1120 2180 ornix
1150 2138 1190 2178 in
1227 2137 1450 2195 Capitolio,
1482 2150 1580 2179 cum
1602 2135 1690 2189 sep-

1020 2207 1103 2238 tem
1125 2197 1243 2253 fignis
1265 2198 1434 2248 auratis,
1459 2198 1498 2239 &
1522 2194 1688 2241 duobus

1021 2256 1155 2310 equis,
1177 2255 1330 2313 positus
1365 2271 1388 2307 a
1425 2257 1471 2298 P.
1494 2253 1689 2296 Cornelio

1020 2314 1215 2370 Scipione
1268 2314 1486 2365 Africano,
1522 2312 1688 2355 xxxvii.

958 2432 992 2473 F
995 2432 1156 2473 ornices
1186 2432 1271 2472 duo
1292 2432 1342 2473 de
1364 2428 1570 2479 manubiis
1590 2427 1692 2470 facti

1017 2492 1070 2532 ab
1090 2491 1140 2531 L.
1161 2490 1374 2540 Stertinio,
1397 2489 1550 2533 xxxiii.
1570 2499 1636 2541 ²7·

960 2549 1159 2593 Fornices
1192 2549 1234 2589 in
1257 2562 1394 2599 muro,
1435 2548 1520 2610 apti
1541 2546 1593 2588 ad
1612 2558 1689 2586 ex-

1019 2609 1288 2660 cunendum,
1313 2609 1455 2649 xxxvi.
1475 2619 1546 2663 33.
1583 2659 1593 2667 „

960 2666 1178 2710 Fornicata
1197 2666 1277 2718 via,
1299 2666 1407 2720 xxii.
1429 2668 1495 2722 36.
1595 2721 1653 2762 Eo

1655 2734 1694 2762 r-
