1804 3121
364 216 579 259 LIBER
622 215 776 258 XL111.
822 214 970 259 CAP.
1016 217 1093 262 1v.
1139 220 1250 278 (VJ.)
1608 235 1691 281 τις

146 349 256 387 quum
277 337 312 376 in
331 335 553 375 Thessaliam
573 337 619 375 ad
639 336 840 375 exercitum
857 348 1075 388 properaret,
1095 336 1262 389 Epirum,
1277 353 1355 391 quae
1368 354 1458 381 non·

145 393 233 429 dum
243 388 363 443 aperte
380 391 578 436 defecerat,
598 391 779 442 ingressus,
799 405 922 443 parum
938 393 1063 435 abfuit,
1094 393 1180 444 quin
1211 394 1386 433 incideret
1418 397 1454 434 in
1477 402 1625 445 Hostiliae

147 443 268 484 Persei
290 459 427 484 manus.
463 448 682 485 Theodotus
696 448 789 485 enim
804 446 949 498 quidam
969 450 1002 485 &
1029 445 1274 489 Philostratus,
1291 449 1358 487 rati
1374 446 1458 494 sese,
1477 451 1530 491 cos·
1545 452 1660 495 irfide‘ae

145 496 172 537 fi
192 513 271 539 eum
293 500 366 550 regi
388 503 584 546 traderent,
619 515 782 551 magnam
804 502 951 551 gratiam
978 502 1073 553 apud
1094 501 1222 541 Persea
1239 503 1406 548 inituros,
1427 508 1460 543 δε
1482 497 1579 551 P‘ffsfl
1601 501 1664 530 *ἶ*

143 553 377 602 gravissimum
406 558 439 594 in
461 554 643 608 praesentia
665 556 838 594 Romanis
858 556 1028 594 damnum
1060 555 1234 601 illaturos,
1265 562 1309 597 ad
1341 571 1463 609 regem
1480 543 1587 585 ΨΜ·

148 606 270 647 literas
297 610 444 655 dedere,
478 622 528 655 ut‚
561 610 693 663 quanta
714 610 872 648 maxima
890 610 999 662 posset
1031 611 1228 657 celeritate,
1243 625 1464 651 accurreret.

147 660 267 716 Quod
303 663 365 702 nisi
399 668 432 702 &
470 664 634 703 Perseum
672 667 809 717 objec‘ta
833 679 853 703 a
879 664 1042 704 Molossis
1077 666 1125 705 ad
1163 665 1287 704 Loum
1320 681 1466 706 amnem

148 732 252 758 mora
271 719 487 763 retardasset,
519 725 554 758 δι
572 718 709 765 consul,
739 722 785 758 de
815 721 1018 758 imminenti
1047 720 1209 772 periculo
1229 724 1401 767 monitus,
1419 724 1466 761 ab

149 771 313 812 instituto
342 773 470 812 itinere
500 773 712 818 deflexisset,
733 776 793 813 vix
812 775 954 813 videtur
973 774 1129 826 effugere
1150 775 1311 827 potuisse.
1346 777 1464 827 Igitur

142 826 270 866 relicta
302 827 418 878 Epiro
453 829 633 881 navigavit
671 828 905 880 Anticyram,
942 833 1036 868 unde
1070 830 1106 867 in
1136 828 1355 869 Thessaliam
1376 844 1466 869 con-

147 882 278 921 tendit.
341 883 393 919 lbi
415 894 565 934 accepto
584 884 747 921 exercitu
775 887 818 921 ad
850 883 987 922 hostem
1021 886 1197 936 perrexit.
1257 886 1331 924 Sed
1351 884 1467 925 nihilo

146 936 288 975 felicius
309 936 442 974 bellum
462 938 734 984 administravit,
765 936 873 990 quam
902 940 1020 990 priore
1042 953 1137 978 anno
1166 939 1303 990 gestum
1337 939 1467 980 fuerat.

146 990 244 1030 Nam
267 993 299 1028 &
328 991 455 1041 proelio
475 992 659 1031 commisso
678 1007 759 1031 cum
781 1006 862 1043 rege
892 993 1008 1045 pulsus
1036 992 1100 1039 est,
1129 996 1159 1031 ἃ
1181 1008 1290 1045 quum
1310 994 1467 1047 primum
1487 999 1692 1045 Parumfi’lif

145 1059 210 1098 per
225 1045 414 1096 Elymeam
436 1046 508 1085 vim
528 1047 646 1085 facere
663 1046 839 1092 tentasset,
853 1050 985 1087 deinde
1005 1062 1066 1100 per
1084 1048 1305 1087 Thessaliam
1325 1049 1470 1089 occulte
1486 1047 1565 1100 δῆθ’,
1578 1044 1682 1098 ΨΜ*

146 1099 266 1138 moliri
285 1099 366 1144 iter,
384 1101 512 1152 ubique
531 1112 742 1142 occurrente
766 1103 906 1149 Perseo,
923 1117 1017 1141 vano
1032 1114 1163 1141 conatu
1181 1102 1344 1142 absistere
1360 1115 1468 1144 coac·
1487 1088 1673 1132 “dmmstn'

146 1165 204 1193 tus
223 1155 287 1192 est.
346 1155 426 1193 Nec
443 1155 660 1195 Hortensius
680 1168 822 1209 praetor,
852 1160 910 1197 cui
929 1158 1038 1198 clanis
1058 1158 1249 1207 obtigerat,
1270 1160 1471 1211 quidquam

148 1208 232 1247 satis
251 1205 337 1246 scite
357 1220 418 1246 aut
442 1208 622 1249 fortunate
654 1214 740 1261 egit,
770 1216 868 1264 cujus
896 1227 945 1251 ex
975 1214 1077 1250 rebus
1099 1211 1203 1262 gestis
1224 1212 1312 1250 nihil
1332 1215 1377 1251 ad
1395 1223 1472 1253 me-

147 1263 300 1302 moriam
320 1262 487 1314 insignius
507 1264 570 1309 est,
591 1263 698 1316 quam
719 1268 874 1306 crudelis
891 1271 925 1305 &
947 1266 1083 1317 perfida
1099 1267 1192 1306 urbis
1215 1267 1472 1308 Abderitarum

147 1316 318 1368 direptio,
351 1331 460 1368 quum
492 1319 718 1359 intoleranda
756 1320 817 1359 fibi
847 1320 1009 1373 imposita
1038 1334 1148 1360 onera
1175 1323 1471 1373 deprecarentur.

151 1372 267 1422 Igitur
282 1371 430 1410 Perseus
451 1373 636 1412 Romanos
649 1376 724 1425 jam
743 1374 954 1426 despiciens,
977 1389 1018 1413 ac
1039 1375 1135 1413 velut
1155 1374 1286 1414 otiosus
1305 1374 1412 1427 plane
1433 1378 1473 1413 δε

148 1439 294 1469 vacuus,
322 1427 504 1465 corollarii
528 1429 644 1466 vicem
674 1429 709 1467 in
741 1430 938 1468 Dardanos
957 1428 1204 1467 excursionem
1222 1429 1325 1473 fecit,
1345 1433 1395 1475 &,
1410 1431 1475 1469 de·

146 1494 236 1573 gem·
264 1477 420 1520 millibus
453 1482 682 1521 barbarorum
717 1482 932 1530 interfeetis,
979 1484 1163 1535 ingentem
1211 1484 1370 1536 praedam
1412 1486 1475 1523 ab·

178 1545 267 1574 uxit.

208 1589 283 1626 IV.
342 1587 457 1633 (VI.)
490 1590 645 1630 Movere
664 1592 735 1630 hoc
761 1606 856 1631 anno
873 1591 1047 1635 Celtiberi
1068 1592 1105 1631 in
1126 1591 1303 1645 Hispania
1324 1593 1476 1642 bellum,

148 1641 339 1692 instigante
368 1657 464 1682 novo
483 1646 576 1683 duce
606 1645 780 1693 Olonico,
803 1647 1038 1686 Salondicum
1058 1648 1203 1699 quidam
1224 1659 1369 1688 vocant.
1420 1649 1477 1695 Is,

147 1695 285 1736 summa
318 1697 516 1749 calliditate
545 1704 580 1739 ὅτ
601 1699 752 1738 audacia
781 1701 917 1740 hastam
949 1714 1152 1754 argenteam
1182 1703 1346 1754 quatiens
1375 1703 1475 1743 velut

149 1752 242 1790 coelo
257 1752 406 1798 missam,
423 1754 629 1792 vaticinanti
650 1753 782 1801 fimiliS,
799 1757 959 1795 omnium
974 1758 1007 1795 in
1023 1755 1055 1794 se
1072 1762 1210 1796 mentes
1229 1768 1473 1796 converterat.

152 1807 228 1846 Sed
249 1822 357 1862 quum
377 1809 453 1859 pari
488 1810 688 1848 temeritate
725 1809 838 1849 castra
867 1811 1028 1863 praetoris
1061 1811 1234 1857 Romani,
1255 1825 1326 1849 uno
1352 1811 1477 1854 furiofi

150 1860 285 1902 consilii
303 1862 399 1902 socio
418 1862 605 1916 assumptO,
625 1862 687 1902 sub
702 1868 845 1904 noctem
865 1865 1215 1916 adiiffet‚praetorem
1229 1864 1398 1904 videlicet
1410 1868 1475 1904 oh-

150 1927 390 1962 truncaturus,
419 1918 528 1968 juxta
561 1919 756 1957 tentorium
794 1919 905 1972 ipsum
941 1920 1014 1973 pilo
1044 1921 1159 1971 vigilis
1187 1931 1362 1972 exceptus
1392 1919 1472 1958 est:

147 1969 266 2011 socius
293 1986 395 2025 pares
418 1972 542 2011 stolidi
574 1974 707 2025 incepti
736 1987 858 2026 peenas
887 1975 967 2016 luit.
1023 1974 1233 2012 Amborum
1249 1977 1365 2027 capita
1384 1989 1475 2027 prae-

149 2027 224 2064 cidi
253 2026 367 2066 statim
388 2027 481 2078 jussit
508 2039 649 2079 μειοῖ,
676 2039 783 2080 atque
812 2028 920 2068 hastis
947 2028 1076 2068 suffixa
1106 2029 1253 2068 delectis
1273 2044 1293 2067 e
1322 2044 1475 2069 numero

149 2083 373 2131 captivorum
393 2083 486 2120 tradi
506 2084 553 2120 ad
571 2082 653 2120 suos
671 2083 896 2135 perferenda.
919 2083 994 2134 Hi]
1018 2091 1179 2123 tantum
1199 2095 1392 2136 pavorem
1412 2084 1477 2124 in-

148 2137 266 2191 grefli
280 2137 422 2185 castra,
435 2138 682 2181 ostentantes
699 2141 846 2194 capita,
859 2140 1062 2191 fecerunt,
1080 2150 1140 2190 ut,
1154 2141 1182 2181 fi
1198 2142 1388 2183 admotus
1404 2152 1477 2183 ex·

147 2198 303 2252 templo
313 2196 515 2238 exercitus
529 2198 650 2249 foret,
664 2199 753 2253 capi
773 2199 900 2240 castra
921 2200 1145 2255 potuerint.
1168 2200 1283 2241 Tum
1299 2214 1474 2257 quoque

150 2255 250 2312 fuga
261 2256 403 2312 ingens
419 2256 529 2298 faita
546 2258 602 2298 est
618 2272 627 2297 ε
648 2261 688 2303 ἃ
704 2269 834 2309 erant,
849 2261 920 2313 qui
935 2259 1090 2314 legatos
1107 2259 1387 2301 mittendosad
1403 2260 1477 2315 pa-

148 2328 239 2356 cem
257 2314 444 2369 precibus
461 2317 679 2370 petendam
696 2316 929 2360 censerent:-
948 2317 1208 2372 civitatesque
1229 2320 1476 2374 complures,

153 2387 204 2413 eo
220 2373 373 2415 nuncio
393 2374 550 2425 audito,
566 2375 608 2415 in
624 2374 872 2416 deditionem
886 2387 1098 2418 venerunt.
1116 2375 1265 2430 quibus
1296 2390 1476 2432 purgau-

150 2431 259 2472 tibus
280 2431 376 2484 sese,
395 2434 642 2487 culpamque
661 2433 703 2475 in
720 2434 897 2476 duorum
915 2436 1135 2480 amentiam
1153 2434 1476 2488 conferentibus,

151 2490 221 2543 qui
243 2490 281 2530 se
303 2492 411 2531 ultro
433 2494 483 2532 ad
505 2506 672 2546 poenam
694 2493 764 2548 ipsi
785 2493 1033 2543 obtulissent,
1061 2507 1190 2547 quum
1220 2495 1382 2536 veniam
1405 2496 1476 2536 de-

152 2549 267 2590 disset
286 2558 461 2604 praetor3
493 2549 704 2605 profe-stus
725 2553 934 2607 extemplo
956 2554 1006 2592 ad
1029 2553 1126 2593 alias
1158 2552 1356 2604 civitates,
1386 2568 1477 2594 om-

156 2608 278 2648 nibus
309 2611 326 2663 §
352 2607 549 2662 imperata
588 2607 849 2660 facientibus,
886 2611 1024 2665 quieto
1066 2611 1246 2652 exercitu
1283 2623 1474 2667 pacatum

155 2681 317 2722 agrum,
338 2667 410 2722 qui
444 2668 582 2722 paullo
618 2667 710 2708 ante
748 2668 905 2723 ingenti
937 2671 1119 2711 tumultu
1137 2672 1154 2723 §
1175 2667 1338 2722 arserat,
1361 2684 1479 2725 pera-

156 2725 300 2783 gravit.
359 2725 463 2770 Haec
486 2726 629 2770 lenitas
650 2727 851 2783 praetoris,
871 2729 950 2784 qua
982 2729 1061 2770 sine
1090 2727 1285 2785 sanguine
1313 2728 1478 2772 ferocis-

1337 2788 1486 2836 simam,
