1835 3121
104 185 184 230 194

104 894 256 934 Equitatus

103 939 310 982 integerfugit·

105 1981 218 2006 acooo
234 1975 307 2019 ms.-

105 2028 121 2051 1
130 2029 141 2049 1
150 2028 215 2050 000

107 2067 195 2106 capli-

822 171 875 213 T.
922 170 1144 212 LIVIr

321 296 391 328 aut
411 286 459 329 ab
480 288 619 336 latere,
652 295 722 327 aut
754 286 803 327 ab
835 296 949 342 tergo
981 285 1134 340 aliquid
1164 285 1365 328 tumultus
1385 284 1647 341 †increpuit,

325 352 342 397 Η
369 346 496 387 ruinae
513 346 636 386 modo
658 345 887 386 turbantur.
904 346 1001 386 scut
1016 354 1102 383 tum
1121 341 1309 386 adversus
1331 345 1565 386 catervatim
1585 345 1648 385 in-

323 413 532 446 currentes
548 404 775 454 Romanos,
792 406 832 445 &
851 404 1073 456 interrupta
1093 403 1356 444 multifariam
1375 403 1475 453 acie,
1482 402 1647 444 obviam

325 463 382 504 ire
414 462 678 518 cogebantur:
701 461 945 511 &Romani‚
965 475 1209 515 quacunque
1230 463 1323 503 data
1351 462 1559 503 intervalla
1587 460 1648 503 es·

324 521 428 573 sent,
447 521 699 562 insinuabant
715 521 876 560 ordines
894 520 999 560 suos,
1020 519 1122 576 Qi,
1140 521 1165 560 sr
1181 521 1359 562 universa
1374 520 1459 562 acie
1480 520 1519 560 in
1535 519 1649 560 fron-

325 590 410 620 tem
441 579 631 621 adversus
668 578 907 620 instrueram
931 577 1175 632 phalangem
1207 579 1513 625 concurriffent,
1533 579 1647 632 quod

325 637 526 692 Pelignis,
548 637 749 692 principio
771 652 920 692 pugnae
942 635 1102 676 incaute
1124 638 1338 691 congressis
1361 635 1550 679 adversus
1571 651 1651 678 cae-

326 706 467 747 tratos‚
508 696 657 744 evenit,
702 699 762 750 (7)
795 696 1012 737 induifl‘ent
1055 695 1092 736 se
1133 695 1271 745 hastis,
1312 711 1387 738 nec
1419 695 1649 737 consertam

327 754 456 796 aciem
474 754 755 795 sustinuissent.

386 812 518 853 XLII.
554 810 749 854 Ceterum
791 812 888 856 ficut
930 813 1114 867 peditum
1146 812 1285 879 passim
1316 812 1448 853 caedes
1479 811 1649 882 fiebant,

328 868 398 911 nist
423 871 493 925 qui
514 870 684 927 abjectis
706 871 829 911 armis
849 870 1074 925 fugerunt,
1109 872 1156 912 lic
1174 871 1380 925 equitatus
1402 869 1528 925 prope
1545 878 1567 922 †
1588 871 1651 910 in-

329 939 441 984 teger
463 943 599 984 pugna
619 928 794 970 excessit.
854 928 1046 985 Princeps
1069 931 1177 985 fugae
1204 944 1273 970 rex
1291 928 1372 983 ipse
1395 939 1493 969 erat.
1518 929 1606 986 jam
1626 943 1650 970 a

327 987 387 1043 Py
391 988 470 1027 dna
502 1001 596 1029 cum
629 987 747 1028 sacris
777 985 848 1027 alis
870 989 1055 1041 equitum
1090 989 1240 1029 Pellam
1271 986 1458 1042 petebat:
1489 986 1649 1028 confes-

331 1046 405 1086 tim
438 1048 500 1100 (1)
538 1045 736 1086 costocus
772 1045 1014 1099 sequebatur
1053 1047 1387 1112 Odrysarumque
1429 1046 1652 1100 equitatus.

329 1115 476 1145 ceterae
510 1118 674 1158 quoque
700 1104 976 1146 Macedonum
1013 1107 1085 1146 :21ae
1107 1105 1274 1160 integris
1308 1103 1471 1145 abibant
1491 1104 1651 1145 ordini-

328 1162 433 1211 bus;
466 1163 560 1216 quia
583 1163 797 1218 interjecta
823 1163 1008 1216 pediturn
1042 1164 1163 1212 acies,
1184 1165 1302 1219 cujus
1322 1163 1453 1203 caedes
1475 1161 1651 1204 viantes

329 1220 521 1261 tenebant
543 1223 622 1275 (2).
652 1221 911 1264 immemores
939 1222 1090 1262 fecerat
1120 1221 1312 1275 sequendi
1334 1222 1507 1274 equites.
1565 1220 1652 1262 Diu

329 1279 509 1336 phalanx
527 1294 548 1320 a
566 1279 715 1329 fronte,
737 1294 760 1320 a
779 1278 987 1329 lateribus,
1005 1280 1054 1321 ab
1072 1290 1187 1336 tergo
1201 1279 1300 1320 caesa
1314 1278 1397 1320 est:
1429 1279 1652 1334 postremd,

330 1338 476 1392 quiex
506 1337 684 1378 hostium
723 1338 909 1379 manibus
937 1339 1057 1393 elapsi
1084 1348 1214 1388 erant,
1245 1338 1421 1379 inermes
1455 1339 1505 1378 ad
1541 1351 1654 1379 mare

330 1396 550 1451 fugientes,
572 1396 737 1448 quidam
770 1411 918 1450 aquam
953 1398 1076 1438 etiam
1113 1397 1286 1452 ingrefli,
1315 1411 1463 1437 manus
1488 1396 1537 1437 ad
1569 1410 1654 1449 eos,

329 1455 401 1508 qui
434 1454 475 1494 in
498 1455 612 1495 classe
633 1464 768 1503 erant,
790 1456 1017 1505 tendentes,
1054 1455 1288 1510 suppliciter
1308 1456 1432 1496 vitam
1454 1454 1624 1496 orabant
1642 1470 1653 1496 :

331 1516 370 1554 &
388 1527 516 1567 quum
531 1511 696 1570 scaphas
713 1526 955 1553 concurrere
971 1514 1153 1567 undique
1171 1514 1220 1553 ab
1238 1513 1408 1556 navibus
1423 1523 1653 1563 cernerent,

327 1571 379 1613 ad
402 1570 665 1625 excipiendos
687 1570 765 1611 sese
787 1572 923 1612 venire
944 1572 1038 1622 rati,
1070 1582 1114 1612 ut
1131 1581 1323 1625 caperent
1349 1572 1500 1626 potitis,
1522 1573 1651 1626 quam

327 1630 576 1678 occiderent,
612 1626 774 1684 longius
809 1629 850 1668 in
890 1644 1053 1683 aquam,
1094 1631 1260 1684 quidam
1292 1630 1414 1671 etiam
1449 1641 1653 1680 natantes,

328 1687 519 1743 progr-effi
542 1687 646 1728 sunt.
706 1687 787 1728 Sed
802 1702 930 1742 quum
946 1689 1143 1730 hostiliter
1159 1703 1180 1729 e
1201 1688 1357 1743 scaphis
1378 1690 1651 1739 caederentur,

329 1756 454 1795 retro,
497 1746 567 1799 qui
601 1755 804 1800 poterant,
841 1748 977 1787 nando
1013 1756 1241 1802 repetentes
1263 1756 1429 1796 terram,
1467 1747 1508 1786 in
1529 1747 1651 1787 aliam

328 1804 551 1846 foediorem
575 1804 727 1858 pestem
760 1804 1005 1847 incidebant.
1029 1805 1234 1859 elephanti
1256 1805 1385 1856 enim,
1407 1805 1456 1846 ab
1478 1805 1650 1847 rec'tori-

328 1862 405 1904 bus
427 1864 477 1904 ad
497 1862 594 1903 litus
617 1862 713 1912 aeti,
735 1875 932 1904 exeuntes
954 1863 1193 1908 obterebant
1214 1863 1515 1919 elidebantque.
1574 1864 1653 1906 Fa-

328 1920 404 1963 cile
436 1920 720 1972 conveniebat,
753 1922 873 1961 Rom
868 1936 954 1964 mis
996 1937 1208 1985 nunquam
1246 1936 1326 1966 una
1369 1923 1452 1963 acie
1489 1931 1651 1963 tantum

330 1980 612 2022 Macedonum
639 1979 920 2026 interfecitum.
982 1981 1095 2033 Caesa
1135 1995 1246 2030 enlm
1281 1981 1330 2022 ad
1354 1980 1498 2036 viginti
1524 1972 1652 2021 millia

1434 2039 1651 2080 hominum

327 2188 436 2231 postea
467 2187 713 2229 quatuordecim
745 2187 931 2220 cubitorum
955 2187 1057 2227 suIffe,
1081 2188 1215 2220 testatur
1244 2187 1400 2230 Polybius
1421 2188 1442 2220 l.
1475 2197 1525 2227 17.
1549 2199 1580 2221 c.
1600 2197 1654 2228 25.

330 2236 413 2266 Haec
431 2233 613 2275 'longitudo
635 2233 796 2265 efficiebat
827 2242 862 2265 ut
887 2233 1075 2266 difficillime
1101 2233 1226 2270 moveri
1254 2234 1432 2276 potuerint.
1477 2235 1653 2274 [Ceterum

327 2279 440 2323 paullo
451 2279 548 2322 supra
565 2278 712 2320 displicet
726 2278 804 2309 mihi
826 2287 934 2310 τελειον
958 2293 1059 2319 ςιγμαι
1081 2279 1150 2321 post
1168 2283 1247 2310 vires
1261 2282 1340 2320 sunt.
1390 2278 1652 2322 Subintelligitur

327 2325 426 2363 enim,
438 2332 474 2356 ut
488 2323 600 2366 passim
614 2325 701 2366 apud
715 2325 870 2363 nostrum,
885 2324 1045 2366 particula
1055 2324 1270 2356 adversativa.
1284 2326 1334 2365 E.J
1375 2326 1433 2365 (7)
1447 2323 1539 2367 Virg.
1555 2324 1577 2355 l.
1598 2333 1650 2356 ro.

328 2372 406 2403 AEn.
419 2382 453 2403 V.
481 2370 559 2402 681.
590 2372 641 2402 An
655 2372 715 2412 sest
732 2383 858 2400 mucrone
872 2393 879 2400 .
896 2392 903 2400 .
921 2394 927 2401 .
947 2372 1063 2401 Induat.
1108 2370 1197 2401 Hinc
1214 2370 1330 2401 tralate
1357 2369 1424 2401 Cic.
1451 2373 1528 2402 Act.
1554 2380 1587 2403 2.
1612 2369 1649 2401 in

327 2418 424 2448 Verr.
436 2416 458 2447 l.
471 2426 503 2455 5.
519 2427 546 2447 c.
560 2415 615 2453 64.
628 2416 680 2456 fissi
698 2416 856 2458 confeffione
871 2418 1006 2446 induatur
1021 2428 1056 2447 ac
1060 2417 1212 2459 juguletur
1227 2416 1323 2459 neceffi
1332 2415 1382 2456 est.
1408 2416 1448 2446 Ε.

373 2481 410 2512 C.
432 2488 486 2518 42.
524 2479 579 2521 (1)
595 2481 683 2522 Lege
699 2479 815 2522 confsti
805 2491 842 2508 ml
866 2492 906 2509 eos
935 2480 1017 2521 Cotys
1038 2480 1223 2521 fiquebatur·
1271 2478 1542 2516 Emendatiouem
1566 2478 1650 2512 hanc

328 2523 435 2556 firmat
452 2524 564 2556 addita
583 2523 748 2566 equitatus
765 2525 822 2554 Odr
808 2526 937 2567 rjsarum
955 2523 1089 2555 mentio.
1137 2525 1230 2568 Ode)
1234 2525 1340 2556 sarum
1356 2524 1443 2557 enim
1457 2524 1492 2556 in
1504 2523 1649 2556 Thracia

325 2580 382 2600 rex
400 2573 500 2612 Cotys
517 2578 596 2602 erat.
605 2570 742 2612 supral.
761 2579 814 2608 42.
829 2581 856 2603 c
871 2579 910 2610 29
929 2570 960 2600 δε
977 2580 1030 2609 51.
1046 2572 1195 2612 Despcrzs
1211 2573 1268 2601 ali,-
1282 2569 1348 2602 vid.
1364 2577 1435 2602 not.
1454 2579 1486 2607 4.
1501 2569 1542 2601 ad
1557 2580 1583 2600 c.
1593 2567 1649 2607 58.

326 2614 346 2645 l.
367 2625 423 2652 42.
453 2615 559 2657 supi-Ji.
606 2617 663 2657 (2)
689 2617 782 2646 Hanc
814 2614 1000 2653 leetionem,
1027 2626 1088 2656 pro
1116 2613 1332 2647 G1onoviaua
1355 2616 1476 2652 tenebat,
1519 2613 1649 2646 reduxit

326 2659 625 2692 Drakenborchius.
673 2661 791 2692 Paullo
806 2663 880 2691 ante
898 2661 959 2692 huc
977 2671 1049 2702 cap.
1071 2662 1303 2705 peditumpaffim
1316 2662 1385 2697 caed
1382 2660 1445 2703 ’issi
1443 2661 1524 2694 Ubant
1548 2657 1650 2701 supra

327 2705 350 2736 l.
365 2714 394 2738 2.
410 2716 438 2737 c.
455 2704 509 2743 64.
525 2718 607 2748 quum
621 2709 702 2739 caedc
721 2708 920 2739 &incendia
941 2708 1031 2748 ·¹f'⁶
1029 2707 1098 2749 {ffm
1092 2713 1124 2738 1,t
1206 2719 1208 2721 >

1814 1853 1826 1966 ⁴-·*‘>z
