1794 3121
631 143 1059 189 INDEX.

97 294 203 303 ae———
221 268 380 310 Graecis
403 268 524 326 asyla,
557 282 692 310 xxxv.
719 281 788 322 5¹·

91 326 266 382 Templa
288 329 368 367 duo
396 328 436 367 in
467 328 562 368 orbe
597 325 787 368 sanfflffi-

146 399 224 433 ma,
250 384 418 440 Delphis
442 386 481 426 ἃ
507 385 788 432 Samothracae,

148 445 232 482 xlv.
259 456 296 496 5.

87 499 274 555 Templis
314 499 532 554 insignibus
566 501 687 541 etiam
724 499 795 540 ali-

147 573 227 612 qua
280 558 474 599 miracula
529 559 792 615 affinguntur,

148 616 254 656 xxiv.
291 631 330 671 3.
368 617 483 657 xxix.
509 621 548 658 8.
578 621 641 658 18.

90 695 203 707 -—-—--
225 674 378 724 Deum,
402 675 502 716 alba
524 675 670 727 diruta,
693 684 794 714 tem-

150 744 346 783 peratum,
366 734 393 772 i.
415 746 482 787 29.

90 787 283 843 Tempsa,
300 792 444 830 xxxiv.
469 806 541 846 45.
572 789 794 844 Tempsam

147 849 305 889 colonia
327 850 475 890 civium
510 850 796 890 Romanorum

148 906 339 955 deducta,
360 907 444 947 ibid.

91 962 348 1018 Tempsanus
391 979 485 1018 ager
534 965 584 1005 de
633 962 801 1004 Bruttiis

147 1035 304 1075 captus,
327 1024 478 1065 xxxiv.
500 1036 573 1076 45.

91 1079 394 1136 Tempyrorum
409 1082 614 1137 angustiae,
629 1092 679 1121 xx
689 1079 800 1123 xviii.

148 1151 218 1189 41.

90 1195 307 1248 Tendeba,
328 1199 439 1237 locus
456 1195 498 1236 in
530 1211 627 1252 agro
647 1198 802 1237 Strato-

106 1300 109 1303 *
147 1254 310 1306 nicensi,
334 1255 483 1296 xxxiii.
512 1259 576 1296 18.

92 1308 303 1362 Tenedus,
321 1314 441 1355 xxxi.
470 1318 531 1355 16.
550 1314 650 1355 xliv.
676 1315 744 1355 28.

92 1369 337 1412 Tentorium
358 1373 474 1412 suum
510 1373 658 1426 cuique
679 1368 800 1411 militi

146 1428 292 1472 domus
310 1445 354 1472 ac
371 1440 536 1486 penates
557 1430 663 1478 sunt,
694 1428 798 1468 xliv.

91 1502 248 1596 Tengiis,
270 1545 396 1587 insula
432 1548 472 1587 δε
511 1544 623 1594 urbs,
653 1544 797 1586 xxxvi.

154 1616 219 1644 21.

90 1661 143 1709 L.
161 1661 413 1702 Terentillus
452 1660 572 1709 Arsa,
612 1659 799 1700 tribunus

147 1720 292 1774 plebis,
305 1719 533 1760 absentibus
547 1717 808 1765 consulibus,

147 1779 190 1819 in
226 1777 433 1819 consulare
456 1777 669 1830 imperium
690 1775 798 1829 apud

146 1836 307 1891 plebem
348 1835 567 1886 invehitur,
587 1834 643 1874 iii.
662 1848 700 1887 9.
740 1834 799 1872 le-

145 1909 239 1950 gem
260 1895 504 1948 promulgat,
544 1902 588 1933 ut
621 1893 800 1945 quinque

147 1953 221 1992 viri
255 1961 443 1992 creentur
460 1950 615 2005 legibus
636 1950 686 1989 de
720 1950 798 1988 im-

147 2010 260 2064 perio
313 2009 510 2053 consulari
564 2006 799 2056 scribendis,

150 2069 239 2108 ibid.

91 2117 316 2168 Terentina
356 2124 483 2165 tribus
505 2121 657 2172 addita,
681 2136 719 2161 x.
754 2136 797 2175 9.

92 2188 148 2228 A.
170 2182 389 2224 Terentius
405 2184 554 2231 Varro,
586 2182 635 2222 ad
666 2179 800 2221 custo..

147 2243 342 2284 diendurn
364 2241 440 2281 iter
479 2242 705 2296 legatorum
723 2237 798 2278 AE·

147 2303 325 2342 tolorum
361 2299 512 2350 missus,
539 2296 701 2339 xxxvii.
725 2310 797 2350 49.

149 2369 310 2400 creatur
331 2368 496 2410 praetor‚
540 2371 628 2397 xxx
675 2388 684 2396 .
729 2367 795 2409 32.

147 2417 307 2459 sortitur
321 2415 554 2470 Hispaniam
570 2413 797 2457 citeriorem

152 2479 219 2531 38.
240 2474 403 2529 ejus-res
419 2472 708 2528 gestae,41.&
726 2471 795 2526 56.

147 2533 226 2581 vid.
253 2533 304 2574 ξεῖ
326 2532 385 2573 xl.
411 2545 451 2574 2.
482 2547 605 2574 ovans
654 2529 796 2572 urbem

146 2591 386 2648 ingreditur,
409 2591 475 2636 16.

1469 154 1551 203 605

854 268 903 306 A.
919 268 1137 310 Terentius
1161 273 1307 321 varro,
1329 274 1485 328 legatus
1499 275 1552 316 ad

903 325 1118 376 Gentium,
1139 331 1365 387 Biyt-imum
1398 345 1552 387 regem,

903 383 991 425 xlii.
1040 388 1106 426 26.
1148 389 1190 428 in
1246 389 1554 445 iNIacedonium,

903 439 986 480 xlv.
1016 456 1080 496 ¹7·

847 500 892 541 C.
913 499 1132 542 Terentius
1154 502 1301 554 Varro,
1337 503 1483 546 humili
1513 511 1555 550 &-

902 557 1061 598 sordido
1081 561 1171 599 loco
1193 572 1326 609 natus,
1348 562 1482 603 suasor
1499 565 1556 604 le-

906 616 967 670 gis
1009 617 1058 656 de
1114 620 1317 670 :equando
1377 634 1468 675 mag
1459 621 1556 662 istri

904 673 1088 728 equitum
1130 677 1166 716 Sc
1205 675 1410 716 diuatoris
1449 681 1555 733 jure,

905 742 1063 774 creatur
1084 733 1238 783 consul,
1257 735 1367 774 xxii.
1392 748 1459 785 25.
1486 751 1556 791 35.

907 792 1125 832 conciones
1150 794 1293 834 multas
1313 808 1360 834 ac
1399 792 1557 835 feroces

905 847 1044 901 habet,
1082 854 1150 903 38.
1182 851 1269 905 ejus
1325 853 1361 892 ἀ
1398 850 1559 892 AEmifii

908 907 1074 961 collegae
1142 908 1356 958 discordia,
1412 920 1557 962 41-44.

913 965 1068 1019 siguum
1111 980 1259 1020 pugnae
1308 967 1355 1006 ad
1397 967 1560 1009 Cannas

905 1025 1110 1077 proponit,
1140 1038 1207 1079 45.
1248 1025 1355 1079 fugit
1387 1025 1560 1066 Venufi-

908 1095 992 1131 am,
1027 1096 1099 1136 49.
1132 1083 1183 1123 C.
1220 1081 1416 1124 Terentio
1453 1084 1560 1124 Var-

908 1141 1011 1187 roni,
1043 1141 1273 1180 redeuntia
1300 1143 1412 1182 clade
1450 1142 1559 1182 Can-

908 1197 1035 1247 nensi,
1059 1198 1218 1239 obviam
1241 1199 1343 1239 itum
1381 1199 1430 1240 ab
1464 1214 1558 1240 om-

909 1255 1027 1295 nibus
1049 1257 1269 1306 ordinibus,
1302 1259 1370 1300 61.
1389 1259 1476 1313 ejus
1505 1258 1558 1298 ad

907 1315 1060 1368 legatos
1126 1314 1360 1369 Campanos
1411 1315 1559 1368 oratio,

907 1371 1022 1412 xxiii.
1047 1386 1086 1426 5.
1110 1373 1341 1428 proconsul,
1393 1372 1562 1429 jubetur

910 1430 1061 1471 Piceno
1102 1446 1198 1486 agro
1230 1432 1410 1486 praefidio
1462 1433 1556 1482 effe,

909 1500 978 1540 32.
1001 1487 1037 1527 ei
1057 1504 1127 1542 per
1151 1503 1290 1529 omnes
1323 1504 1448 1530 annos
1469 1490 1557 1544 post

907 1545 1045 1600 fugam
1061 1547 1109 1587 ab
1127 1547 1278 1590 Cannis
1294 1559 1558 1604 prorogatum

903 1603 1136 1657 imperium,
1172 1621 1266 1647 xxv.
1311 1610 1352 1646 6.
1381 1620 1559 1660 proprae-

907 1673 969 1702 tor
1031 1662 1070 1703 in
1125 1663 1328 1704 Etruxiam
1369 1665 1560 1715 mittitur,

905 1719 1035 1760 xxvii.
1062 1736 1130 1776 35.
1183 1724 1341 1777 legatus
1382 1723 1559 1763 mittitur

906 1778 956 1818 ad
971 1777 1225 1835 Philippum,
1254 1793 1360 1820 xxx.
1398 1781 1463 1823 26.
1501 1782 1559 1821 le-

907 1848 1024 1890 gatus
1064 1838 1107 1878 in
1159 1836 1344 1878 Africam
1387 1838 1561 1879 mittitur

909 1894 1034 1934 xxxi.
1078 1910 1144 1938 11.
1181 1897 1362 1937 triumvir
1398 1907 1558 1938 creatur

907 1954 958 1993 ad
1017 1953 1286 2009 supplendum
1340 1955 1558 1998 Venusinis

909 2011 1146 2052 colonorum
1160 2026 1392 2061 numerum,
1415 2028 1484 2069 49.

851 2070 902 2112 C.
926 2069 1144 2111 Terentius
1158 2069 1255 2110 Istra
1272 2084 1429 2111 creatur
1455 2085 1560 2126 prae-

909 2137 990 2180 tor,
1013 2131 1174 2170 xxxix.
1195 2135 1266 2183 56.
1289 2129 1452 2170 sortitur
1465 2130 1558 2170 Sar-

884 2187 892 2199 “
909 2185 1076 2236 diniam,
1104 2189 1158 2228 xl.
1187 2202 1222 2229 1.
1247 2187 1430 2227 triumvir
1450 2189 1560 2230 colo-

909 2244 990 2283 niae
1024 2246 1232 2287 Graviseas
1288 2246 1557 2296 deducendae,

910 2314 979 2355 29.

854 2362 905 2403 L.
923 2360 1158 2410 Terentius,
1191 2362 1348 2414 legatus
1382 2361 1434 2402 ad
1467 2363 1559 2403 An-

907 2417 1094 2460 tiochum
1116 2420 1270 2466 miffus‚
1311 2419 1461 2462 xxxiii,
1486 2433 1557 2475 35.

851 2475 901 2518 L.
925 2476 1146 2518 Terentius
1167 2476 1400 2530 Maffiliota,
1429 2479 1557 2524 oedilis

905 2534 1051 2591 piebis,
1072 2536 1206 2578 xxxi.
1227 2548 1296 2590 50.
