1830 3131
619 244 1018 289 EPITOME

585 446 620 488 L
640 449 657 489 1
675 448 710 488 B
735 448 769 489 st
787 434 811 488 1'
873 444 1087 487 LXXIII.

161 548 261 624 L.
293 582 428 638 Julius
465 582 600 625 Caesar
627 582 769 625 consul
795 581 900 623 male
928 580 1119 623 adversus
1141 580 1346 623 Samnites
1378 595 1484 637 pug-

156 637 283 684 navit·
376 642 486 683 Nola
533 643 692 685 colonia
727 642 769 682 in
801 642 1044 697 potestatem
1082 640 1331 682 ¹Samnitium
1371 641 1483 682 venit

159 707 256 741 cum
295 700 344 742 L.
385 701 594 743 Postumio
626 710 816 758 praetore,
847 701 920 755 qui
960 701 1009 742 ab
1049 700 1098 742 iis
1135 699 1379 741 interfee’tus
1409 700 1481 742 est.

158 756 403 815 Complures
424 762 568 816 populi
590 763 639 802 ad
668 759 801 802 hostes
834 759 1086 802 defecerunt.
1152 760 1297 818 Qum
1322 761 1365 800 P.
1390 759 1484 799 Ru-

157 816 270 860 tilius
291 819 435 861 consul
472 820 576 861 male
610 818 799 862 adversus
823 819 956 860 hostes
992 820 1151 861 Marsos
1178 818 1405 874 pugnasset,
1442 821 1481 859 ὅτ

158 876 202 917 in
243 879 392 933 proelio
434 879 653 930 cecidisset,
685 879 733 920 C.
769 879 946 929 Marius,
975 879 1133 934 legatus
1167 879 1273 933 ejuS,
1317 878 1484 918 meliore

158 947 310 978 eventu
331 952 428 979 cum
458 938 641 979 hostibus
673 938 871 979 conflixit.
930 938 1018 978 Ser.
1052 938 1259 993 Sulpicius
1292 937 1486 992 Pelignos

158 997 308 1052 proelio
331 996 453 1037 fudit.
515 997 755 1056 QCaepiQ
787 998 944 1053 legatus
965 996 1129 1046 Rutilii,
1161 1010 1291 1051 quum
1308 995 1484 1036 obsefi‘us

159 1055 350 1110 prospere
370 1055 414 1095 in
442 1055 577 1097 hostes
605 1057 811 1113 erupiss'et,
845 1059 884 1098 &
917 1056 969 1096 ob
986 1070 1081 1096 eum
1106 1055 1326 1096 successum
1349 1069 1487 1108 aequa-

159 1124 250 1155 tum
271 1113 309 1155 ei
331 1128 427 1155 cum
450 1115 498 1156 C.
521 1115 660 1157 Mario
684 1117 779 1156 eflet
810 1115 1043 1170 imperium,
1075 1113 1316 1156 temerarius
1333 1113 1486 1164 faetus,

162 1176 205 1216 δι
230 1173 536 1215 circumventus
574 1175 741 1224 insidiis,
765 1174 863 1226 ‘fuso
899 1174 1082 1216 exercitu
1109 1174 1268 1215 cecidit.
1331 1172 1379 1213 L.
1411 1174 1489 1227 Ju-

160 1233 241 1273 lius
262 1232 396 1273 Caesar
430 1233 572 1274 consul
606 1233 780 1275 feliciter
807 1233 998 1274 adversus
1036 1233 1240 1275 Samnites
1273 1233 1484 1287 pugnavit.

161 1291 216 1332 ob
246 1305 336 1332 eam
373 1291 588 1333 vi&oriam
617 1293 767 1333 Romae
790 1292 879 1348 saga
913 1294 1039 1347 posita
1073 1292 1181 1342 sunt,
1214 1295 1271 1340 ὅτ,
1311 1301 1362 1331 ut·
1377 1294 1489 1335 varia

162 1349 259 1391 belli
292 1350 458 1391 fortuna
479 1352 589 1400 esset,
622 1351 810 1392 AEsernia
829 1352 987 1392 colonia
1009 1366 1105 1392 cum
1127 1352 1191 1392 M.
1215 1351 1412 1391 Marcello
1444 1353 1488 1392 in

161 1409 406 1464 potestatem
447 1409 698 1451 Samnitium
729 1410 854 1451 venit.
929 1410 1012 1451 Sed
1060 1409 1111 1451 C.
1144 1408 1306 1450 Marius
1341 1411 1488 1462 proelio

162 1468 325 1510 Marsos
362 1468 486 1518 fudit,
536 1469 668 1510 Herio
711 1469 868 1518 Afinio,
919 1477 1094 1523 praetore
1139 1467 1490 1521 Marrucinorum,

163 1527 312 1574 occiso.
373 1526 422 1569 C.
446 1527 640 1569 Caecilius
677 1527 720 1569 in
758 1526 895 1570 Gallia
915 1527 954 1569 T
957 1524 1184 1583 ransalpinii
1201 1527 1404 1572 Salluvios
1426 1544 1491 1571 re·

163 1585 361 1629 bellantes
382 1586 493 1629 vicit.

591 1771 662 1812 LI
683 1771 717 1811 B
735 1769 774 1811 R
794 1769 813 1810 1
879 1763 1093 1810 LXXIV..

169 1872 300 1952 CN.
323 1902 547 1958 Pompeius
567 1902 760 1944 Picentes
778 1903 927 1958 proelio
948 1903 1071 1951 fudit,
1108 1904 1144 1943 &
1170 1899 1343 1941 obsedit:
1371 1912 1494 1953 prop·

164 1972 228 2003 ter
250 1969 375 2017 qu'am
397 1962 614 2004 vi&oriam
630 1962 782 2003 Romae
796 1974 1006 2018 praetextae
1031 1966 1070 2004 δε
1091 1961 1166 2002 alia
1184 1959 1495 2016 magistratuum

166 2020 339 2076 insignia
380 2021 543 2076 sumpta
585 2021 691 2062 sunt.
754 2022 803 2064 C.
849 2023 1011 2063 Marius
1051 2035 1146 2063 cum
1181 2019 1327 2063 Max-fis
1368 2016 1495 2057 dubio

166 2090 317 2121 eventu
347 2080 559 2135 pugnavit.
625 2079 827 2121 Libertini
861 2091 948 2121 tum
983 2080 1162 2136 primurm
1200 2078 1373 2119 militare
1411 2090 1497 2116 coe-

167 2149 330 2194 perunt.
397 2140 450 2180 A.
475 2138 631 2180 Plotius
654 2139 812 2195 legatus
847 2140 1048 2189 Umbros,
1080 2140 1129 2180 L.
1150 2138 1322 2179 Porcius
1345 2145 1496 2191 praetor

165 2197 344 2248 Marsos,
376 2211 507 2252 quum
542 2208 715 2252 uterque
758 2200 934 2253 populus
975 2198 1194 2248 defeciffet,
1224 2196 1369 2252 proelio
1390 2194 1498 2234 vice*-

167 2267 281 2299 runt.
324 2257 594 2298 -Nicomedes
616 2257 659 2297 in
680 2257 897 2315 Bithyniae,
933 2258 1234 2301 Ariobarzanes
1265 2256 1307 2296 in
1336 2254 1498 2307 Cappa-

169 2316 298 2358 dociae
319 2330 443 2372 regna
465 2316 628 2357 reduffl
665 2316 768 2358 sunt.
823 2317 901 2359 Cn.
937 2316 1157 2371 Pompeius
1175 2315 1315 2357 consul
1337 2310 1496 2352 Marsos

169 2375 256 2416 acie
277 2374 388 2416 vicit.
452 2376 598 2431 Quum
619 2390 697 2417 tere
735 2376 869 2417 alieno
907 2377 1090 2432 oppreilh
1120 2376 1215 2416 ess‘et
1250 2373 1405 2420 civitas,
1442 2371 1496 2410 A.

170 2434 439 2488 Sempronius
464 2434 617 2475 Asellio
657 2445 822 2489 praetor,
855 2437 1051 2490 quoniam
1088 2435 1316 2476 secundum
1339 2428 1499 2468 debito-

170 2507 235 2533 res
252 2493 322 2549 jus
352 2491 528 2541 dicebat,
559 2492 690 2543 abiiS,
722 2495 794 2548 qui
815 2494 1139 2542 foenerabantur,
1169 2493 1212 2533 in
1232 2490 1322 2531 foro
1339 2487 1498 2529 occisus
1545 2505 1550 2509 ·

171 2551 243 2592 est.
303 2551 507 2592 Praete-rea
527 2551 778 2595 incursiones
798 2554 1017 2595 Thracum
1046 2553 1087 2593 in
1113 2547 1403 2593 Macedoniam
1423 2560 1499 2602 po-

172 2609 482 2666 pulationesque
513 2610 712 2653 continet,

1626 234 1711 284 277
