1830 3131
603 212 999 255 EPITOME

547 380 580 420 L
603 381 617 420 1
638 379 673 419 B
697 379 773 420 ul
842 379 1052 419 LXXXI.

139 472 365 545 L,Sulla
387 495 586 546 Athenas,
623 512 724 552 quas
766 498 1012 548 Archelaus,
1047 495 1265 550 praefectus
1294 495 1466 538 Mithri·

136 558 257 605 datis,
303 555 540 609 occuparat,
585 557 858 608 circumsedit,
903 559 941 597 &
995 570 1092 596 cum
1140 569 1288 611 magno
1330 555 1468 597 labore

135 613 402 669 expugnavit.
437 614 526 654 urbi
548 615 793 665 libertatem,
827 618 865 657 &
891 615 1061 661 civibus,
1095 629 1186 668 quae
1226 613 1469 664 habuerant,

136 672 326 714 reddidit.
388 673 616 728 Magnesia,
650 689 742 728 quae
778 674 858 714 sola
910 675 952 715 in
1007 674 1098 714 Afia
1130 673 1271 714 civitas
1306 672 1346 712 in
1390 673 1473 715 fide

135 731 353 783 manserat,
385 731 541 773 summa
583 734 729 774 virtute
766 734 957 775 adversus
995 732 1285 773 Mithridatem
1308 731 1474 773 defensa

107 789 110 792 ⁴
135 790 206 832 est.
266 790 470 832 Praeterea
492 791 702 834 Thracum
723 793 765 832 in
797 792 1043 834 Macedonia
1065 792 1250 833 continet
1269 791 1393 849 gesta.

527 923 749 964 LIBRI
816 924 1051 965 LXXXII.

139 1001 358 1080 SULLA
396 1040 534 1095 copias
575 1040 698 1097 regis,
741 1056 851 1095 quae,
903 1040 1146 1081 Macedonia
1187 1039 1401 1095 occupata,
1434 1041 1477 1082 in

134 1089 383 1140 Thessaliam
407 1111 616 1152 venerant,
645 1101 795 1155 proelio
823 1100 935 1150 vicit,
967 1100 1076 1143 caesis
1106 1098 1286 1140 hostium
1308 1109 1478 1140 eentum

137 1157 333 1208 millibus,
354 1163 394 1201 ἃ
423 1159 562 1200 castris
580 1174 745 1214 quoque
767 1159 1026 1215 expugnatis.
1088 1158 1306 1200 Renovato
1329 1159 1478 1200 deinde

137 1215 263 1267 bello,
295 1217 445 1258 iterum
482 1220 707 1259 exercitum
750 1219 855 1274 regis
897 1218 1004 1259 fudit
1025 1231 1070 1258 ac
1093 1217 1253 1258 delevit.
1322 1219 1480 1258 Arche-

137 1275 227 1316 laus
244 1290 340 1316 cum
364 1276 479 1317 classe
503 1277 611 1331 regia
634 1277 760 1318 Sullae
781 1279 820 1318 se
842 1277 1020 1318 tradidit.
1082 1276 1132 1317 L.
1157 1280 1185 1317 Y
1199 1276 1345 1317 alerius
1363 1277 1480 1318 Flac-

138 1348 212 1374 cus
235 1335 392 1385 consul,
425 1337 580 1391 collega
618 1335 777 1386 Cinnae,
810 1337 963 1386 miffus,
997 1345 1042 1376 ut
1072 1334 1198 1377 Sullae
1227 1335 1479 1386 succederet,

138 1403 307 1448 propter
324 1395 533 1436 avaritiam
550 1395 701 1436 invisus
719 1396 915 1436 exercitui
939 1396 1024 1444 suo,
1048 1409 1070 1435 a
1091 1395 1142 1436 C.
1166 1393 1345 1435 Fimbria
1363 1395 1478 1449 lega-

140 1461 185 1492 to
207 1452 348 1506 ipsius,
378 1454 534 1495 ultimae
557 1454 736 1495 audaciae
771 1454 954 1504 homine,
985 1453 1145 1494 occisus
1176 1452 1252 1504 est,
1287 1454 1325 1494 &
1351 1452 1482 1508 impe-

138 1511 248 1552 rium
270 1513 319 1553 ad
361 1512 584 1554 Fimbriam
627 1512 877 1553 transsatum.
938 1513 1139 1553 Praeterea
1170 1521 1414 1568 expugnat-,e
1437 1512 1481 1554 in

142 1569 237 1626 Afia
259 1571 378 1611 urbes
402 1586 423 1611 a
446 1570 707 1624 Mithridate,
744 1574 780 1612 &
817 1572 1037 1612 crudeliter
1073 1571 1232 1623 direpta
1252 1571 1479 1626 provincia,

140 1629 467 1685 incursionesque
489 1629 702 1672 Thracum
720 1632 761 1671 in
785 1631 1094 1685 Macedoniam,
1124 1629 1376 1673 referuntur.

537 1789 571 1829 L
593 1788 610 1828 l
635 1788 668 1828 Β
692 1787 763 1828 RI
831 1787 1089 1829 LXXXIII.

146 1876 241 1954 C.
263 1905 457 1955 FImbria,
489 1906 532 1945 in
572 1905 664 1947 Asta
689 1904 786 1945 fusis
818 1904 966 1959 proelio
988 1905 1143 1961 aliquot
1163 1904 1370 1960 praefecstis
1400 1906 1481 1947 Ni,

142 1965 345 2014 thridatis,
380 1965 522 2005 urbem
565 1965 811 2020 Pergamum
849 1965 974 2018 cepit,
1007 1964 1285 2019 obsefl'umque
1326 1979 1481 2021 regern,

143 2037 228 2063 non
258 2026 434 2064 multum
471 2022 615 2074 abfuit,
647 2024 747 2077 quin
794 2033 970 2074 caperet.
1031 2024 1193 2064 Urbem
1235 2025 1356 2073 Ilion,
1388 2039 1482 2078 quae

144 2082 183 2122 se
227 2082 416 2136 potestati
454 2081 580 2122 Sullae
623 2081 864 2130 reservabat,
896 2084 1150 2138 expugnavit
1172 2098 1217 2123 ac
1237 2083 1403 2135 delevit,
1437 2087 1479 2124 ὅτ

144 2155 338 2196 magnam
381 2152 540 2195 partem
583 2141 691 2181 Afiae
731 2140 897 2193 recepit.
979 2143 1093 2182 Sulla
1141 2143 1282 2183 multis
1325 2142 1482 2197 proeliis

144 2200 328 2242 Thracas
351 2199 512 2242 cecidit.
575 2199 721 2258 Qum
757 2200 804 2240 L.
831 2199 965 2239 Cinna
1005 2202 1045 2242 &
1070 2202 1146 2242 Cn.
1171 2201 1359 2255 Papirius
1382 2202 1484 2242 Car-

142 2256 214 2310 bo,
247 2259 296 2299 ab
319 2258 356 2299 se
377 2259 469 2314 ipsis
491 2258 675 2299 consules
697 2272 769 2313 per
805 2258 1014 2299 biennium
1037 2261 1177 2310 creati,
1209 2260 1362 2301 bellum
1385 2274 1484 2300 con-

144 2326 206 2358 tra
228 2317 384 2362 Sullam
405 2328 609 2373 pararent,
640 2317 834 2358 effectum
867 2317 922 2357 est
961 2332 1033 2373 per
1063 2320 1110 2359 L.
1134 2320 1349 2360 Valerium
1367 2320 1485 2359 Flac-

145 2390 241 2417 cum
264 2376 492 2431 principem
523 2375 702 2426 senatus,
735 2375 804 2430 qui
835 2377 1064 2418 orationem
1097 2378 1137 2417 in
1162 2377 1301 2418 senatu
1323 2377 1484 2426 habuit,

148 2436 188 2475 ἃ
214 2449 285 2489 per
307 2449 392 2485 eos,
424 2434 497 2493 qui
517 2436 733 2476 concordi,
754 2431 1003 2486 studebant,
1036 2448 1079 2476 ur
1102 2437 1222 2491 legati
1245 2438 1295 2476 ad
1326 2435 1484 2476 Sullam

148 2494 199 2533 de
220 2491 331 2547 vpace
355 2493 628 2533 mitterentur.
691 2493 825 2534 Cinna
863 2493 912 2534 ab
943 2495 1127 2535 exercitu
1152 2495 1239 2544 suo,
1273 2508 1398 2550 quem
1421 2495 1485 2534 in-

145 2552 278 2592 vitum
310 2551 480 2607 cogebat
519 2565 642 2592 naves
673 2552 960 2601 conscendere,
1009 2556 1049 2594 &
1095 2553 1285 2595 adversus
1326 2553 1484 2595 Sullam

146 2610 365 2665 proficisci,
397 2609 641 2657 interfectus
663 2611 733 2650 est.
767 2610 1023 2651 consulatum
1054 2612 1189 2653 Carbo
1222 2615 1333 2654 solus
1355 2613 1482 2669 gessit.

145 2670 276 2719 Sulla,
309 2684 438 2724 quum
460 2670 502 2709 in
537 2670 672 2711 Afiam
695 2669 923 2725 trajecisset,
956 2684 1098 2724 pacem
1121 2685 1216 2712 cum
1238 2671 1484 2712 Mithridate

148 2726 277 2782 fecit3
309 2729 366 2772 ita
412 2739 456 2770 ut
473 2728 506 2772 is
535 2729 698 2772 cederet
738 2727 958 2785 provinciis
997 2727 1104 2782 Asia,
1136 2730 1345 2789 Bithynia,
1376 2731 1485 2786 Cap-

1296 2791 1480 2847 padocia.

1608 215 1687 256 281
