1830 3131
819 230 1221 273 EPITOME

783 406 848 451 LI
868 411 903 450 Β
926 406 964 450 R
985 410 1002 450 1
1069 409 1310 453 CXXXII.

392 524 616 581 CAESAR
640 537 682 578 in
705 537 868 593 myrteo
890 537 1107 578 D21matas
1129 537 1303 577 domuit.
1364 539 1507 595 Quum
1532 541 1596 582 M.
1630 542 1719 583 An-

389 600 527 640 tonius
549 598 600 638 ob
623 612 802 637 amorem
818 598 1063 651 Cleopatrae,
1083 610 1132 637 ex
1155 598 1236 651 qus:
1264 598 1368 638 duos
1401 598 1506 640 filios
1527 599 1718 650 habebat,

387 656 706 712 Philadelphum
747 659 783 696 8:
825 657 1127 704 Alexandrum,
1159 669 1293 709 neque
1325 655 1366 695 in
1397 657 1541 698 urbem
1577 659 1716 700 venire

387 718 524 764 vellet,
547 730 695 768 neque,
719 714 835 755 finito
863 712 1142 755 triumviratus
1165 724 1364 768 tempore,
1393 716 1612 770 imperium
1645 719 1716 758 de-

387 788 553 831 ponere,
578 775 812 827 bellumque
837 774 1058 823 moliretur,
1082 774 1192 828 quod
1213 774 1299 813 urbi
1320 776 1358 815 &-
1382 774 1508 816 Italiae
1531 776 1714 827 inferret,

387 833 623 890 ingentibus
644 843 727 872 tam
758 832 965 873 navalibus
989 846 1111 886 qusm
1135 831 1390 874 terrestribus
1411 834 1539 889 copiis
1565 834 1617 876 ob
1633 835 1714 876 hoc

387 891 624 941 commestis,
664 891 905 945 remissoque
945 891 1130 932 Oetaviae
1172 890 1295 931 sorori
1327 891 1496 934 Caesaris
1525 893 1719 948 repudio,

387 950 525 993 Caesar
546 950 588 990 in
617 949 789 1004 Epirum
821 963 916 990 cum
937 950 1119 992 exercitu
1142 950 1312 1006 trajecit.
1375 951 1533 1003 Pugnae
1565 951 1713 994 deinde

387 1010 548 1051 navales
573 1012 609 1050 &
635 1008 780 1064 proelia
802 1007 1000 1062 equestria
1018 1008 1195 1050 secunda
1216 1007 1385 1051 Caesaris
1406 1009 1655 1054 referuntur.

765 1181 799 1221 L
825 1181 842 1221 I
867 1181 902 1221 B
927 1181 966 1222 R
991 1181 1010 1221 I
1076 1180 1340 1221 CXXXIII.

382 1282 510 1358 M.
549 1310 771 1359 Antonius,
800 1311 851 1352 ad
893 1309 1063 1352 Afiium
1102 1311 1217 1352 claffe
1238 1309 1387 1359 vietus,
1418 1307 1713 1350 Alexandriam

387 1369 601 1426 profugit,
634 1369 885 1423 obseffusque
923 1385 945 1410 a
986 1368 1158 1421 Caesare‚
1199 1370 1240 1410 in
1277 1369 1420 1410 ultima
1452 1381 1589 1408 rerum
1626 1367 1715 1409 des-

386 1429 611 1481 peratione,
644 1427 846 1483 praecipue
882 1427 1024 1470 occisae
1056 1429 1287 1483 Cleopatrae
1322 1427 1422 1468 falso
1449 1440 1614 1467 rumore
1636 1426 1713 1468 im-

385 1486 541 1540 pulsus,
567 1487 606 1528 se
640 1487 722 1541 ipse
751 1487 968 1528 interfecit.
1049 1487 1200 1536 Caesar,
1234 1483 1513 1527 Alexandria
1503 1498 1545 1525 m
1578 1483 1713 1540 potes-

386 1554 511 1586 tatem
535 1545 715 1595 τεάεὲὶει,
734 1542 966 1599 Cleopatra,
989 1559 1040 1586 ne
1057 1546 1098 1585 in
1115 1545 1328 1586 arbitrium
1350 1544 1517 1585 vifi‘coris
1537 1543 1711 1594 veniret,

385 1605 612 1646 voluntarii-1
639 1614 768 1657 morte
800 1604 1013 1652 defuneta,
1055 1603 1097 1643 in
1128 1604 1272 1644 urbem
1304 1603 1501 1652 reversu5‚
1535 1612 1616 1643 tres
1638 1602 1709 1642 tri-

386 1664 562 1717 umphos
584 1663 693 1718 egit:
732 1677 860 1702 unum
883 1677 936 1702 ex
957 1662 1136 1717 Illyrico,
1158 1663 1332 1702 alterum
1353 1675 1402 1701 ex
1428 1658 1603 1703 Affiaca
1624 1661 1709 1702 vic·

385 1722 503 1772 torifi,
533 1722 698 1762 tertium
731 1723 781 1761 de
815 1721 1047 1775 Cleopatr&
1085 1720 1270 1775 impofito
1303 1720 1384 1760 fine
1408 1718 1563 1759 civibus
1593 1718 1710 1760 bellis

385 1782 512 1822 altero
533 1783 569 1821 ἃ
591 1781 783 1835 vigesimo
800 1794 920 1819 anno.
949 1784 1004 1820 M.
1029 1779 1229 1833 Lepidus,
1251 1778 1413 1833 Lepidi,
1430 1778 1500 1832 qui
1523 1776 1710 1818 triumvir

387 1840 536 1889 fuerat,
566 1839 689 1887 filius,
713 1838 993 1894 conjuratione
1015 1849 1158 1878 contra
1180 1838 1383 1881 Casarem
1403 1835 1526 1886 facta,
1554 1835 1708 1877 bellum

389 1900 576 1948 moliens,
593 1898 798 1953 oppreffus
823 1900 860 1937 ἃ
885 1896 1040 1938 occisus
1054 1895 1126 1938 est.

788 2056 857 2096 LI
877 2055 911 2095 Β
931 2053 1004 2095 RI
1071 2053 1332 2094 CXXXIV.

394 2158 662 2238 CAESAR,
703 2187 823 2228 rebus
874 2185 1127 2240 compositis,
1171 2187 1212 2227 &
1263 2184 1449 2228 omnibus
1489 2185 1709 2240 provinciis

390 2247 433 2287 in
470 2256 622 2288 certam
659 2244 835 2286 formam
878 2245 1070 2293 redaffis,
1119 2243 1219 2299 Amr
1216 2244 1310 2297 stus
1355 2258 1519 2298 quoque
1554 2258 1709 2300 cogno-

389 2306 567 2346 minatus
598 2303 683 2344 est:
725 2307 766 2345 &
809 2305 954 2344 menfis
994 2302 1159 2344 Sextilis
1199 2303 1240 2341 in
1281 2301 1481 2343 honorem
1522 2302 1610 2359 ejus
1638 2318 1710 2360 ap-

389 2365 563 2419 pellatus
594 2363 665 2403 est.
730 2363 872 2418 Quum
917 2363 982 2402 ille
1032 2370 1279 2402 conventum
1321 2361 1515 2401 Narbone
1551 2375 1707 2417 ageret,

389 2423 534 2465 census
556 2439 577 2463 a
599 2421 728 2462 tribus
747 2421 910 2471 Galliis,
945 2435 1046 2474 quas
1082 2419 1215 2460 Caesar
1250 2428 1364 2473 pater
1385 2419 1550 2467 vicerat,
1571 2420 1704 2464 adius.

388 2482 549 2524 Bellum
591 2479 780 2521 adverffis
815 2479 1042 2527 Bastarnas,
1081 2480 1118 2519 δι
1153 2477 1328 2532 Moesos,
1366 2480 1405 2521 &
1429 2478 1527 2520 alias
1546 2488 1705 2535 gentes,

388 2554 410 2582 a
434 2541 499 2581 M.
525 2539 664 2582 Crasso
685 2538 858 2593 gestum,
883 2537 1070 2577 refertur.

1544 2680 1702 2723 LIBRI
