1794 3121
155 200 239 238 376
691 198 711 240 1
774 200 817 240 N

215 320 347 363 oratio
389 320 438 361 ad
461 319 645 376 Appium
679 322 883 363 decemvi-

215 393 324 430 rum,
356 394 426 432 40.
448 389 536 421 orat
571 382 770 435 populum
808 396 881 435 pro

216 439 356 494 Appio
378 452 464 490 reo,
501 443 571 493 58.
603 439 737 480 censet
770 454 881 480 arma

216 498 413 552 capienda
451 495 640 539 adversus
677 499 878 550 tribunos,

216 556 269 596 iv.
293 559 319 596 6

160 615 209 656 C.
245 614 444 655 Claudius
481 613 642 663 Cicero,
695 615 881 656 tribunus

218 674 363 729 plebis,
388 672 573 712 Romilio
592 673 748 714 consuli
773 675 882 715 diem

217 731 399 782 d'icit3iii.
427 744 473 785 31

162 791 211 832 C.
248 790 448 832 Claudius
472 787 727 843 Regillensis,
754 788 883 831 dicta-

220 859 299 898 tor,
325 851 364 891 &

161 907 214 949 C.
247 906 443 949 Claudius
460 905 674 948 Hortator,
694 904 883 959 magister

221 967 426 1021 equitum,
458 963 553 1002 vitio
594 966 733 1014 creati,
769 963 882 1003 abdi-

220 1035 316 1066 cant
331 1023 367 1062 se
391 1021 642 1076 magistratu.
668 1021 751 1060 viii.
777 1036 841 1075 15.

163 1083 212 1125 C.
235 1081 433 1125 Claudius
470 1079 595 1133 Appii
634 1081 679 1120 F.
701 1079 883 1130 Centho,

219 1142 419 1191 interrex,
461 1138 562 1180 xxii.
603 1151 672 1194 34.
693 1139 885 1192 dietum,

221 1214 322 1243 xxv.
344 1212 382 1241 2.

163 1259 421 1301 C.Claudius
439 1256 585 1296 flamen
604 1255 753 1306 Dialis,
771 1255 884 1296 xxvi.

225 1331 293 1372 23.
318 1317 427 1372 quod
461 1325 554 1356 exta
577 1328 791 1370 perperam
813 1315 886 1354 de-

225 1379 354 1417 derat,
380 1375 475 1415 abiit
491 1373 688 1418 flaminio.
713 1373 805 1413 ibid.

165 1435 215 1477 C.
253 1434 450 1478 Claudius
482 1431 612 1473 Nero,
653 1431 829 1487 graviter
864 1446 887 1472 a

224 1493 427 1536 Marcello
455 1490 620 1531 consulo
646 1490 887 1544 increpitus,

223 1552 339 1594 xxiv.
388 1564 451 1602 17.
488 1557 652 1602 premor,
697 1562 794 1590 xxv,
845 1560 886 1589 τ’..

224 1609 478 1665 provinciam
520 1606 683 1646 sortitur
723 1607 888 1648 Suell'u-

227 1671 327 1716 lam
353 1683 390 1722 3.
435 1666 485 1706 ab
524 1664 705 1704 Suessula
728 1666 889 1705 excitur

229 1729 432 1781 Capuam,
451 1737 520 1766 22.
539 1723 715 1762 mittitur
737 1722 777 1762 in
794 1722 889 1763 His-

227 1786 409 1841 pmiam
430 1783 543 1824 xxvi.
579 1795 644 1836 17
683 1782 890 1821 deluditur

229 1845 281 1886 ab
317 1839 560 1892 Asdrubale,
592 1841 681 1880 ibid.
713 1841 871 1894 legatu
859 1865 889 1891 ,

230 1903 361 1945 xxvii.
401 1914 468 1952 14
501 1876 657 1946 coiisul,
695 1913 763 1953 34.
794 1913 890 1939 cum

233 1960 441 2002 Annibale
492 1972 577 1998 non
627 1957 749 1997 semel
791 1971 893 1998 con-

229 2019 428 2075 greditur,
452 2031 523 2070 41.
544 2029 615 2070 42.
639 2016 780 2055 relit‘lo
803 2020 892 2057 An-

231 2077 382 2127 nibale,
415 2077 465 2114 ad
493 2073 759 2115 Asdrubalem
797 2089 893 2130 pro-

228 2144 360 2191 perat,
389 2146 457 2188 43.
482 2133 533 2172 ad
567 2133 715 2173 milites
746 2135 896 2174 oratio-

232 2208 330 2235 nem
351 2193 488 2235 habet,
520 2205 588 2245 45.
625 2191 788 2232 deviffio
824 2193 896 2233 As-

234 2252 421 2302 drubale,
458 2250 508 2289 ad
543 2249 793 2290 Annibalem
829 2266 895 2292 re-

234 2311 426 2354 vertitur,
462 2322 527 2362 50.
553 2317 673 2362 caput
695 2308 898 2350 Asdruba-

234 2370 283 2409 lis
301 2379 393 2408 ante
408 2367 596 2407 stationes
612 2365 788 2407 hostium
804 2383 898 2421 pro-

231 2427 484 2497 jicijnubess
464 2453 482 2480 3
500 2438 531 2467 1.
549 2426 652 2466 redit
667 2425 718 2465 ad
735 2425 895 2474 urbem,

240 2485 382 2526 xxviii.
427 2498 467 2537 9.
510 2498 617 2538 equo
669 2483 895 2539 triumphat

240 2543 321 2582 fine
360 2541 572 2591 militibus,
613 2543 699 2583 ibid
735 2543 890 2588 censor

240 2601 356 2642 xxix.
383 2615 453 2653 37.
499 2603 586 2656 ejus
618 2601 901 2654 intempestiva

241 2654 461 2699 severitxtis
477 2659 665 2715 jac‘latio,
687 2659 775 2701 ibid.

875 199 1137 241 DEX.

943 324 994 365 C.
1017 323 1216 365 Claudius
1255 324 1385 368 Nero.
1419 324 1576 377 legatus
1610 323 1660 363 ad

1001 382 1288 428 Ptolemaeum.
1311 381 1429 424 xxxi.
1451 394 1490 422 2.

945 441 997 482 C.
1016 441 1213 481 Claudius
1235 440 1399 482 Centho
1421 454 1515 481 cum
1537 438 1666 492 copiis

1000 499 1177 540 mittitur
1193 501 1240 540 ad
1259 499 1459 540 auxilium
1483 499 1667 537 Athena-

1000 572 1108 599 rum,
1141 573 1166 598 av
1195 557 1495 599 Macedonibus
1531 555 1664 596 obses-

1003 616 1288 665 sarum,xx:xi.
1320 630 1382 667 14.

945 677 993 717 C.
1038 674 1238 716 Claudius
1282 677 1362 728 Ap.
1399 675 1446 715 F.
1471 673 1666 720 Pulcher,

1001 748 1132 788 augur
1168 733 1210 773 in
1239 734 1292 782 Q.
1332 733 1447 773 Fabii
1482 730 1664 773 Maximi

1000 793 1138 833 locum
1185 790 1345 840 le&us‚'
1384 791 1531 832 xxxiii.
1588 805 1660 840 44.

999 861 1167 906 praetor,
1188 852 1243 893 xl.
1281 864 1349 904 37.
1380 848 1522 890 consul
1544 848 1586 888 in
1608 848 1665 888 Is-

999 910 1116 950 triam
1147 923 1334 964 praeceps
1369 908 1554 954 discedit,
1587 907 1661 948 xli.

1006 981 1151 1021 12·t4.
1205 967 1432 1010 exercitum
1474 964 1664 1018 offendit,

1005 1030 1042 1066 &
1066 1027 1245 1068 Romam
1276 1025 1395 1076 redit,
1426 1025 1514 1064 ibid.
1534 1025 1667 1065 redux<

1002 1084 1156 1125 obfidet
1191 1084 1441 1132 Nesartium‚
1475 1086 1515 1125 &
1539 1081 1666 1136 capit,

1009 1157 1074 1198 15.
1098 1143 1255 1184 Istriam
1293 1152 1427 1198 pacat.
1459 1141 1547 1181 ibid.
1567 1139 1667 1196 legi-

1004 1216 1104 1242 ones
1138 1202 1179 1242 in
1222 1202 1395 1256 Ligures
1429 1199 1670 1247 transducit,

1010 1262 1076 1300 16.
1100 1261 1225 1300 vincit
1246 1260 1435 1314 Ligures,
1468 1258 1556 1298 ibid.
1594 1256 1668 1297 tri-

1005 1319 1192 1373 umphat,
1212 1332 1267 1372 ¹7·
1286 1318 1323 1358 ei
1345 1317 1387 1357 in
1405 1330 1557 1356 annum
1572 1329 1668 1370 pro-

1004 1389 1195 1432 rogatum
1228 1376 1461 1431 imperium,
1503 1379 1566 1416 13.
1604 1387 1669 1414 re*-

1006 1435 1106 1490 cipit
1133 1437 1337 1478 Mutinam
1367 1449 1388 1474 a
1429 1432 1670 1490 Liguribus,

1007 1507 1076 1535 20.
1120 1494 1358 1545 consularis,
1397 1492 1443 1533 fit
1477 1493 1664 1533 tribunus

986 1552 1373 1603 κ111111111111,1111149.
1397 1563 1557 1592 creatur
1572 1564 1670 1591 cen-

1007 1610 1201 1654 sor,:».liii.
1226 1619 1292 1653 16.
1318 1610 1499 1650 edietum
1520 1610 1606 1665 ejus
1631 1610 1670 1648 &

1007 1668 1175 1723 collegae
1192 1670 1241 1708 de
1258 1668 1438 1712 dele&u‚
1461 1668 1550 1707 ibid.
1574 1679 1668 1706 reus

1007 1729 1059 1767 ad
1083 1729 1294 1781 populum.
1313 1740 1417 1781 aegre
1431 1725 1669 1773 absolvitur,

1014 1791 1079 1829 18.
1115 1786 1280 1825 censum
1316 1788 1412 1839 agit,
1452 1784 1551 1824 xliv.
1603 1783 1666 1824 16.

1008 1845 1092 1885 xlv.
1128 1858 1193 1898 15.
1216 1845 1372 1899 legatus
1409 1841 1449 1880 in
1471 1842 1671 1883 Macedo-

1007 1901 1134 1951 niam,
1156 1904 1240 1943 xlv.
1269 1915 1332 1956 17.
1356 1901 1546 1944 moritur,
1570 1914 1641 1951 44.

953 1958 1004 2001 C.
1051 1960 1251 2001 Claudius
1291 1960 1467 2007 Asellus,
1504 1969 1670 2014 praetor,

998 2020 1072 2059 ⁴xli.
1098 2021 1166 2060 26.

952 2079 1015 2120 M.
1041 2075 1254 2124 Claudius,
1292 2078 1374 2129 Ap.
1409 2075 1571 2116 Claudii
1603 2076 1674 2116 de-

1012 2135 1179 2176 cemviri
1200 2136 1342 2185 cliens,
1374 2133 1504 2174 asserit
1532 2132 1673 2190 Virgi-

1011 2195 1121 2234 niam
1159 2194 1201 2233 in
1242 2193 1493 2242 servitutem,
1523 2191 1578 2232 iii.
1602 2209 1673 2256 44.

1010 2252 1097 2292 abit
1119 2266 1166 2292 e
1175 2251 1366 2300 sulatum,
1392 2254 1460 2301 58.

959 2312 1025 2353 M.
1051 2310 1264 2361 Claudius,
1300 2310 1490 2351 tribunus
1526 2307 1674 2373 plebis.

1015 2368 1117 2410 xliii.
1151 2375 1213 2411 16.

957 2426 1022 2468 M.
1051 2427 1264 2474 Claudius,
1298 2426 1381 2465 dux·
1418 2425 1457 2465 in
1491 2424 1676 2465 exercitu

1011 2485 1158 2526 Marcii
1177 2486 1218 2525 in
1239 2483 1503 2534 Macedonia,
1521 2484 1598 2522 xliv
1634 2497 1675 2537 3.

953 2544 999 2584 P.
1022 2544 1235 2593 Claudius,
1262 2542 1483 2597 praescitus
1504 2537 1676 2590 sociam,

1022 2602 1148 2643 xxvii.
1170 2613 1238 2650 41.

959 2658 1009 2711 P;
1033 2659 1230 2704 Claudius
1266 2672 1362 2702 cum
1398 2665 1511 2713 parte
1541 2654 1678 2709 copia-

1583 2727 1676 2753 rum
