1830 3131
448 264 854 312 EPITOME
915 262 1109 318 Lus-98.

121 386 224 443 saepe
265 401 350 443 par,
383 386 446 427 vel
482 381 744 438 frequentius
779 381 942 424 νίξὶοῐε
972 379 1024 420 ad
1060 376 1256 421 ultimum
1272 375 1454 420 desertus

120 457 161 487 ct
192 447 390 501 proditus.
451 442 678 498 Imperium
729 442 908 495 partium
961 439 1011 480 ad
1062 438 1260 481 Marcum
1292 436 1457 477 transsa-

122 515 212 545 tum
257 505 342 546 est:
411 516 535 558 quem
587 501 664 542 Cn..
726 499 946 556 Pompeius
987 496 1146 538 victum
1205 504 1455 550 captumque

121 562 341 613 interfecit,
372 577 418 604 ac
440 560 594 616 recepit
634 559 852 614 Hispanias
889 557 1051 598 decimo
1072 555 1159 597 fere*
1181 568 1306 605 anno,
1328 552 1458 608 quam

119 633 306 676 coeptum
327 631 414 661 erat
448 620 614 660 bellurn.
676 618 726 660 C.
748 617 902 659 Caffius
925 614 1143 672 proconsul
1168 616 1206 655 &
1233 612 1309 656 Cn.
1333 613 1459 654 Man·

121 680 198 720 lius
219 691 368 735 praetor
391 678 495 720 male}
532 677 723 720 adversus
763 678 1009 731 Spartacum
1049 681 1361 729 pugnaverunt:
1398 670 1460 711 id-

117 753 198 793 que
231 739 383 780 bellum
405 739 468 780 M.
487 737 623 779 Craffo
646 737 812 792 praetori
835 736 1077 777 mandatum
1097 731 1168 774 est.

550 881 589 923 L
610 877 686 923 IB
707 881 787 923 RI
849 880 1042 924 XCVII.

124 971 247 1047 M.
265 999 426 1040 Crassus
443 1007 593 1053 praetor
618 995 799 1053 primum
819 1011 913 1039 cum
945 1008 1060 1054 parte
1075 997 1463 1054 fugitivorum,quae

121 1058 252 1100 Gallis
295 1056 595 1111 Germanisque
630 1057 854 1106 constabat,
888 1057 1063 1098 feliciter
1103 1057 1316 1112 pugnavit,
1352 1054 1461 1096 caefis

120 1117 299 1158 hostiurn
318 1115 688 1173 trigintaquinque
727 1116 919 1167 millibus,
952 1120 990 1159 &
1017 1117 1121 1158 duce
1142 1129 1285 1157 eorum
1311 1113 1462 1155 Grani-

122 1190 185 1217 co.
249 1176 359 1217 Cum
386 1180 582 1231 Spartaco
604 1175 750 1216 deinde
773 1175 952 1225 bellavit,
983 1176 1094 1217 caefis
1115 1189 1210 1217 cum
1233 1174 1318 1228 ipso
1341 1172 1464 1212 milli-

122 1234 198 1276 bus
231 1235 516 1290 quadraginta.
593 1235 657 1276 M.
685 1234 894 1276 Antonius
915 1246 1065 1289 praetor
1095 1234 1247 1276 bellurn
1271 1228 1462 1275 adversus

123 1293 352 1343 Cretenses,
385 1308 530 1349 parum
567 1291 756 1347 prospere
793 1292 1038 1348 susceptum,
1071 1302 1202 1334 morte
1224 1295 1289 1334 sua
1313 1290 1461 1333 finivit.

124 1351 188 1392 M.
213 1353 412 1394 Lucullus
443 1351 662 1406 proconsul
685 1351 868 1393 Thracas
899 1352 1072 1407 subegit.
1130 1353 1179 1393 L.
1201 1352 1400 1393 Lucullus
1417 1351 1463 1392 in

126 1410 261 1451 Ponto
283 1409 472 1453 adversus
501 1409 789 1453 Mithridatem
813 1410 984 1454 feliciter
1006 1410 1218 1467 pugnavit,
1241 1411 1349 1452 caefis
1369 1408 1463 1452 hos·

123 1470 227 1510 tium
251 1469 426 1525 amplius
448 1468 573 1525 quarn
608 1468 817 1523 sexaginta
852 1470 1046 1510 millibus.
1108 1470 1171 1510 M,
1215 1469 1379 1512 Crafl'us
1419 1470 1460 1509 St

124 1528 203 1569 Cn.
236 1529 458 1584 Pompeius
487 1527 672 1570 consules
707 1527 823 1577 faeci,
855 1529 939 1580 (sed
970 1529 1207 1583 Pompeius,
1239 1539 1464 1583 antequam

121 1587 368 1642 quaesturam
403 1598 576 1643 gereret,
607 1600 660 1628 ex
694 1586 832 1639 equite
855 1588 1066 1643 Romano)
1109 1587 1363 1629 tribunitiam
1386 1600 1460 1642 po-

124 1646 308 1687 testatem
332 1647 606 1687 restituerunt.
667 1645 831 1699 Judicia
873 1661 1038 1701 quoque
1076 1661 1145 1702 per
1168 1647 1214 1688 L.
1242 1646 1462 1688 Aurelium

122 1705 289 1746 Cottam
330 1719 547 1760 praetorem
588 1704 638 1744 ad
673 1704 832 1758 equites
879 1706 1095 1746 Romanos
1130 1705 1317 1747 transsata
1355 1706 1459 1746 sunt.

123 1765 406 1814 Mithridates,
438 1763 718 1818 desperatione
741 1778 877 1804 rerum
912 1764 1076 1807 suarum
1099 1765 1285 1816 coactuS,
1316 1767 1367 1807 ad
1386 1764 1461 1805 Ti-

124 1837 294 1887 granem
328 1823 539 1866 Armeniae
562 1835 700 1881 regem
723 1822 923 1879 confugit.

540 1967 770 2008 LIBRI
834 1967 1052 2010 xcvm.

129 2058 528 2134 NHACHARES,
573 2083 682 2125 finus
724 2084 996 2135 Mithridatis,
1047 2086 1252 2142 Bosphori
1289 2100 1378 2139 rex,
1410 2086 1462 2134 ab

127 2144 176 2185 L.
200 2143 375 2184 Lucullo
406 2142 448 2182 in
485 2142 704 2183 amicitiam
738 2154 925 2198 receptus
956 2145 1026 2186 est.
1086 2145 1165 2188 Cn.
1192 2145 1394 2188 Lentulus
1419 2151 1460 2190 δε

127 2203 177 2244 L.
204 2202 365 2244 Gellius
387 2200 569 2242 censores
605 2201 785 2256 asperam
816 2203 1028 2244 censuram
1064 2215 1251 2260 egerunt,
1284 2217 1463 2262 quatuor

129 2265 170 2304 δε
189 2261 394 2318 sexaginta
416 2259 554 2301 senatu
576 2260 723 2301 motis:
760 2275 781 2301 a
804 2261 969 2315 quibus,
989 2263 1115 2304 lustro
1137 2264 1321 2315 condito,
1342 2264 1462 2306 censa

127 2321 220 2362 sunt
241 2320 392 2362 civium
414 2322 543 2373 capita
565 2319 863 2375 quadringenta
892 2323 1187 2378 quinquaginta
1208 2324 1347 2364 millia.
1408 2324 1462 2364 L.

127 2379 323 2421 Metellus
346 2388 494 2434 praetor
528 2378 570 2418 in
606 2378 742 2419 Sicilia
778 2378 969 2421 adversus
990 2381 1140 2436 piratas
1162 2382 1351 2437 prospere
1372 2395 1461 2423 rem

129 2438 256 2492 gessit.
314 2437 538 2490 Templum
566 2436 679 2490 Jovis
701 2436 742 2478 in
760 2437 979 2493 Capitolio,
1012 2442 1122 2494 quod
1154 2441 1345 2481 incendio
1361 2454 1463 2481 con-

129 2497 336 2552 sumptum
364 2510 410 2538 ac
432 2494 636 2537 refenum
666 2504 767 2546 erat,
800 2511 822 2536 a
863 2497 918 2546 Q.
948 2497 1097 2538 Catulo
1131 2499 1364 2539 dedicatum
1387 2498 1458 2542 est..

130 2556 181 2598 L.
218 2553 418 2598 Lucullus
453 2554 494 2593 in
536 2554 730 2594 Armenia
756 2554 1043 2596 Mithridatem
1079 2558 1119 2598 &
1141 2557 1385 2612 Tigranem,
1419 2560 1462 2599 ὃς

126 2614 313 2670 ingentes
355 2612 566 2666 utriusque
597 2612 702 2665 regis
742 2613 896 2666 copias,
928 2613 1113 2668 pluribus
1148 2617 1305 2671 procliis
1336 2616 1461 2659 fudit.

130 2674 190 2724 Q.
244 2674 441 2716 Metellus
482 2671 713 2726 proconsul,
764 2670 871 2711 bello
903 2671 973 2712 fibi
1021 2672 1210 2715 adversus
1245 2676 1463 2719 Cretenses

127 2733 338 2784 mandato,
369 2730 599 2790 Cydoniam
632 2728 981 2775 urbem‘obsedit.
1046 2732 1098 2774 C.
1121 2734 1320 2786 Triarius,
1351 2737 1463 2793 lega-

129 2799 196 2833 tus
215 2791 398 2844 Luculli,
430 2789 621 2832 adversus
656 2788 940 2832 Mithridatem
977 2806 1122 2847 parum
1143 2794 1332 2849 prospere
1354 2810 1463 2852 pug-

126 2850 252 2898 navit.
314 2851 558 2902 Lucullum,
590 2863 641 2891 ne
676 2847 989 2906 persequeretur
1015 2851 1298 2900 Mithridatem
1318 2868 1364 2896 ac
1388 2856 1464 2897 Ti-

1276 2927 1464 2970 granem,

1597 262 1678 315 287
