1840 3131
135 250 189 281 Ι.

133 355 245 386 ‘Tu-ror

128 404 240 434 Bana.

861 229 914 271 T.
961 227 997 270 L
1016 229 1036 270 Ι
1055 228 1098 271 V
1118 229 1138 271 1
1158 229 1179 270 Ι

413 349 467 391 V.
487 346 599 403 (IX.
608 343 768 406 JForte
790 345 844 387 ita
866 347 1015 397 evenit,
1034 357 1079 388 ut
1096 347 1178 389 Cn
1203 348 1240 389 δι
1267 347 1317 389 L.
1343 346 1596 402 Gavillii,(1)
1616 361 1691 388 no-

355 406 452 448 velli
479 405 775 461 Aquileienses,
808 421 904 446 cum
936 417 1170 447 commeatu
1192 406 1417 457 venientes,
1450 405 1692 461 ignaripro-

353 463 406 521 pe
442 465 484 506 in
518 474 635 520 capta
657 463 784 505 castra
817 465 865 504 ab
889 465 998 505 stlris
1021 466 1261 506 inciderent
1322 466 1373 519 Ii,
1410 479 1539 519 quum
1560 464 1692 519 Aqui-

353 525 492 573 leiam,
524 523 677 565 relietis
698 522 1017 577 impedimentis,
1039 524 1290 580 refugissent,
1322 524 1461 565 omnia
1474 535 1626 565 terrore
1644 537 1691 564 ac

353 583 555 633 tumultu,
586 596 670 623 non
705 582 907 635 Aquileiae
936 582 1077 634 modo,
1110 583 1176 623 sed
1233 583 1382 623 Romae
1415 597 1580 637 quoque
1603 582 1693 637 post.

354 656 508 698 paucos
549 641 650 690 dies,
691 641 1068 696 impleverunt(2):
1124 641 1223 696 quo,
1257 656 1339 682 non
1371 651 1487 695 capta
1528 645 1693 684 tannim

354 701 484 742 castra
505 699 555 741 ab
577 699 777 749 hostibus,
811 714 884 740 nec
901 699 999 755 fuga
1015 703 1093 754 (3),
1125 716 1216 755 quae
1237 715 1331 741 vera
1352 711 1481 749 erant,
1513 699 1579 739 sed
1602 714 1696 754 per-

356 760 461 801 ditas
485 773 548 801 res
587 760 851 816 deletumque
902 759 1127 798 exercitum
1179 774 1363 807 omnem,
1411 760 1581 799 allatum
1619 759 1692 800 est.

358 819 521 873 Itaque,
553 818 663 872 quod
687 818 763 870 inss
801 818 983 857 tumultu
1021 816 1109 857 fieri
1139 817 1251 865 solet,
1284 818 1469 858 deleetus
1491 829 1606 857 extra
1628 831 1694 857 or-

355 877 512 928 dinem,
544 891 626 916 non
645 876 686 916 in
708 876 806 916 urbe
828 878 1006 925 tantum,
1039 875 1102 915 sed
1120 875 1205 916 tota
1225 877 1352 922 Italia,
1386 876 1544 916 indiffi.
1584 875 1695 916 Duae

354 937 539 992 legiones
559 935 710 976 civium
732 935 1020 975 Romanorum
1059 935 1309 989 conscriptae,
1342 938 1382 976 δι’
1401 937 1543 975 decem
1566 934 1695 974 millia

356 996 546 1049 peditum
568 1009 664 1035 cum
706 993 911 1047 equitibus
934 993 1168 1048 quingentis
1202 993 1319 1034 sociis
1352 993 1532 1034 nominis
1554 992 1695 1033 Latini

358 1054 572 1109 imperata.
637 1053 698 1093 M.
720 1052 870 1105 Junius
894 1052 1037 1092 consul
1072 1052 1236 1092 tranfire
1277 1052 1319 1092 in
1344 1052 1545 1103 Galliam,
1578 1055 1617 1093 &
1643 1051 1693 1092 ab

356 1112 590 1153 civitatibus
612 1111 831 1166 provinciae
853 1111 959 1166 ejus,
992 1120 1190 1165 quantum
1233 1126 1407 1165 quaeque
1436 1111 1576 1165 posset,
1617 1111 1696 1151 mi-

357 1170 479 1211 litum
502 1170 665 1225 exigere
684 1169 824 1226 jussus.
887 1170 1019 1210 Simul
1053 1170 1279 1218 decretum,
1313 1181 1357 1210 ut
1392 1170 1462 1211 Ti.
1494 1169 1695 1210 Claudius

358 1238 528 1296 praetor·
548 1228 745 1268 militibus
772 1228 943 1283 legionis
966 1238 1138 1281 quartae,
1170 1229 1210 1267 ἂν
1233 1228 1388 1268 socium
1405 1228 1544 1268 Latini
1561 1229 1696 1268 nomi-

358 1288 424 1328 nis
461 1287 642 1342 quinque
676 1285 871 1336 millibus,
903 1286 1117 1341 equitibus
1149 1287 1337 1327 ducentis
1379 1287 1696 1352 quinquaginta,

358 1345 470 1387 Pisas
492 1355 537 1385 ut
560 1345 843 1395 convenirent,
876 1344 1078 1385 ediceret·
1070 1375 1081 1394 ‚
1114 1359 1286 1398 eamque
1309 1345 1577 1399 provinciam,
1593 1346 1695 1385 dum

359 1403 501 1445 consul
525 1403 619 1443 inde
640 1404 803 1451 abeffet,
825 1413 1052 1443 tutaretur:
1083 1404 1146 1443 M.
1169 1404 1352 1444 Titinius
1383 1414 1533 1458 praetor
1568 1404 1697 1460 legio-

360 1477 457 1504 nem
497 1462 687 1517 primam,
719 1476 857 1516 parem
896 1476 1113 1501 numerum
1137 1461 1338 1501 sociorum
1376 1462 1562 1516 peditum
1579 1462 1698 1516 equi-

361 1531 550 1575 tumque,
584 1520 852 1573 Ariminum§
881 1520 1097 1560 convenire
1115 1520 1291 1575 juberet.
1352 1520 1467 1561 Nero
1487 1527 1506 1573 ἢ
1528 1522 1698 1575 paluda-

361 1590 429 1621 tus
443 1580 552 1621 Pisas
569 1579 610 1619 in
631 1578 881 1634 provinciam
899 1578 955 1618 est
984 1577 1210 1632 profee'txis.
1272 1579 1468 1628 Titinius,
1491 1579 1539 1619 C.
1562 1579 1695 1620 Cassio

364 1638 530 1680 tribuno
562 1638 739 1677 militum
773 1637 1026 1686 Ariminum,
1059 1636 1130 1691 qui
1163 1637 1342 1690 praeeffet
1365 1637 1531 1692 legioni,
1564 1638 1695 1688 miffo,

367 1697 577 1738 deleaei'wm
598 1696 749 1746 Romae
771 1695 928 1736 habuit.
992 1696 1226 1748 M.Junius
1259 1696 1417 1748 consul,
1449 1711 1498 1736 ex
1535 1696 1696 1752 Liguri-

363 1755 442 1796 bus
477 1756 519 1796 in
555 1755 806 1810 provinciam
845 1754 1024 1795 Galliam
1067 1753 1341 1809 transgressus,
1374 1755 1570 1808 auxiliis‡
1602 1770 1697 1810 pro-

365 1814 477 1856 tinus
494 1828 566 1870 per
595 1813 778 1854 civitates
801 1813 951 1853 Galliae
987 1812 1264 1867 militibusque
1283 1816 1346 1867 (4)
1383 1814 1538 1854 colonis
1569 1816 1697 1868 impe-

366 1874 480 1922 ratis,
514 1872 749 1926 Aquileiam
772 1871 967 1926 pervenit.
1030 1870 1090 1911 Ibi
1113 1872 1260 1911 certior
1282 1871 1434 1922 faeius,
1465 1873 1696 1913 exercitum

367 1931 618 1972 incolumem
641 1931 731 1976 esse,
762 1929 915 1984 scriptis
936 1929 1062 1970 literis
1086 1930 1298 1982 Romam,>
1314 1945 1363 1971 ne
1394 1932 1697 1971 tumultuaren-

370 2000 453 2038 tur,
486 1989 584 2045 ipse,
616 1988 784 2029 remiffis
815 1988 994 2039 auxiliis,
1026 2003 1121 2042 quae
1158 1989 1292 2030 Gallis
1328 1990 1612 2044 imperaverat,
1644 1992 1696 2030 ad

368 2050 567 2104 collegam
608 2048 665 2087 est
706 2046 928 2102 profed'tus.
991 2047 1139 2086 Romae
1177 2061 1322 2102 magna
1364 2063 1414 2088 ex
1450 2048 1696 2102 necopinato

367 2107 520 2147 laetitia
575 2106 680 2146 fuit:
723 2104 908 2146 deleftus
950 2105 1113 2146 omiffus
1147 2106 1270 2157 est:‡
1302 2107 1573 2156 exauritorati,
1623 2107 1696 2161 qui

366 2170 658 2217 †sacramento
679 2163 890 2204 dixerant:
913 2167 953 2206 δε
975 2164 1191 2214 exercitus,
1213 2165 1283 2218 qui
1311 2165 1486 2205 Arimini
1508 2164 1698 2218 pestilen2-

368 2224 423 2263 tia
446 2223 617 2263 affe-{lus
657 2233 755 2266 erat,
788 2223 957 2262 domum
995 2223 1187 2263 dimiss'us.
1249 2223 1355 2274 Istri,
1387 2224 1545 2277 magnis
1567 2224 1695 2277 copiis

370 2297 497 2336 quum
518 2282 642 2321 castra
675 2281 785 2320 haud
826 2282 968 2333 procul
991 2281 1164 2321 consulis
1188 2282 1323 2322 castris
1345 2282 1555 2330 haberent,
1588 2282 1697 2336 post-

371 2355 496 2393 quam
537 2341 710 2379 alterum
752 2339 959 2379 conlulem
1002 2354 1096 2379 cum
1129 2340 1310 2379 exercitu
1355 2355 1461 2379 novo
1496 2339 1696 2379 advenisse

330 2400 605 2458 audierunt,
623 2397 789 2450 passim
781 2411 820 2436 m
843 2397 1025 2438 civitates
1049 2414 1069 2435 ι
1059 2398 1184 2450 ilapsi
1210 2397 1325 2438 sunt:
1357 2398 1541 2440 consules
1562 2398 1698 2452 Aqui-

330 2448 516 2496 leiam
509 2472 548 2496 m
572 2456 738 2496 hiberna
753 2455 931 2511 legiones
953 2457 1216 2497 reduxerunt.

1620 2514 1696 2555 VI.

422 2632 460 2662 C
476 2640 504 2668 ς
530 2632 584 2669 (1)
602 2633 646 2662 lti
660 2631 737 2663 dieti
757 2632 924 2669 videntur
937 2633 1024 2673 quod
1045 2644 1060 2664 c
1079 2631 1201 2662 colonis
1217 2631 1389 2672 Aquileiae,
1412 2641 1523 2663 recens
1548 2630 1696 2662 deducta

377 2676 448 2705 coln
431 2676 524 2711 onice
549 2687 650 2707 trani.
697 2678 832 2718 Supral.
848 2688 901 2715 4ο
918 2690 946 2708 c.
973 2688 1026 2717 ,4
1073 2679 1130 2715 (2)
1155 2679 1229 2707 Non
1262 2678 1353 2718 quod
1384 2678 1523 2707 Romam
1553 2676 1694 2727 profee'ti

377 2720 421 2751 iix
426 2730 435 2751 t
451 2721 482 2751 hi
504 2725 532 2751 ί
536 2721 636 2757 aviiii,
662 2723 713 2753 scd
743 2734 803 2775 qu<
790 2724 830 2752 vd
848 2734 914 2753 ··υι
921 2735 958 2753 <r
988 2724 1029 2754 ab
1053 2723 1098 2754 illi
1103 2734 1115 2751 s
1137 2722 1262 2760 spaiffsu
1283 2720 1434 2762 Aquileia
1447 2724 1586 2752 Romam
1604 2720 1695 2752 brevi

377 2766 530 2842 perlatus*c
539 2767 591 2797 lu
595 2766 634 2797 rit
640 2770 735 2808 (3)
755 2778 772 2797 ὸ
779 2779 821 2809 iai}
814 2769 898 2808 ple
950 2772 989 2798 -ι“
982 2778 1023 2799 Ίιιι
1015 2784 1053 2807 ιι,
1081 2768 1129 2798 vel
1146 2769 1226 2808 quid
1239 2766 1352 2798 simile.
1399 2769 1455 2808 (4)
1471 2768 1588 2809 Lege
1575 2768 1696 2799 coloniis.

378 2810 852 2854 Min'tt-s-m{.›n;i.impe11xit.
