<?xml version="1.0" encoding="UTF-8"?>
<!DOCTYPE html PUBLIC "-//W3C//DTD XHTML 1.0 Transitional//EN"
    "http://www.w3.org/TR/xhtml1/DTD/xhtml1-transitional.dtd">
<html xmlns="http://www.w3.org/1999/xhtml" xml:lang="en" lang="en">
 <head>
  <title>
</title>
<meta http-equiv="Content-Type" content="text/html;charset=utf-8" />
  <meta name='ocr-system' content='tesseract 3.04.00' />
  <meta name='ocr-capabilities' content='ocr_page ocr_carea ocr_par ocr_line ocrx_word'/>
</head>
<body>
  <div class='ocr_page' id='page_1' title='image "./historiaeromanae04livyuoft/historiaeromanae04livyuoft_0282.png"; bbox 0 0 1830 3131; ppageno 0'>
   <div class='ocr_carea' id='block_1_1' title="bbox 832 174 1226 222">
    <p class='ocr_par' dir='ltr' id='par_1_1' title="bbox 832 174 1226 222">
     <span class='ocr_line' id='line_1_1' title="bbox 832 174 1226 222; baseline -0.003 -5"><span class='ocrx_word' id='word_1_1' title='bbox 832 174 1226 222; x_wconf 73' lang='lat' dir='ltr'><strong>EPITOME</strong></span> 
     </span>
    </p>
   </div>
   <div class='ocr_carea' id='block_1_2' title="bbox 824 424 1262 466">
    <p class='ocr_par' dir='ltr' id='par_1_2' title="bbox 824 424 1262 466">
     <span class='ocr_line' id='line_1_2' title="bbox 824 424 1262 466; baseline 0 0"><span class='ocrx_word' id='word_1_2' title='bbox 824 424 1051 466; x_wconf 80' lang='lat' dir='ltr'>LIBRI</span> <span class='ocrx_word' id='word_1_3' title='bbox 1119 424 1262 466; x_wconf 71' lang='lat' dir='ltr'>LXII.</span> 
     </span>
    </p>
   </div>
   <div class='ocr_carea' id='block_1_3' title="bbox 381 540 1708 1098">
    <p class='ocr_par' dir='ltr' id='par_1_3' title="bbox 381 540 1708 1098">
     <span class='ocr_line' id='line_1_3' title="bbox 382 540 1708 625; baseline 0 -15"><span class='ocrx_word' id='word_1_4' title='bbox 382 540 486 623; x_wconf 74' lang='lat' dir='ltr'>O,</span> <span class='ocrx_word' id='word_1_5' title='bbox 518 568 704 610; x_wconf 74' lang='lat' dir='ltr'>Marcius</span> <span class='ocrx_word' id='word_1_6' title='bbox 727 568 866 609; x_wconf 83' lang='lat' dir='ltr'>consul</span> <span class='ocrx_word' id='word_1_7' title='bbox 888 570 1072 620; x_wconf 75' lang='lat' dir='ltr'>Stoenos,</span> <span class='ocrx_word' id='word_1_8' title='bbox 1104 578 1268 624; x_wconf 79' lang='lat' dir='ltr'>gentem</span> <span class='ocrx_word' id='word_1_9' title='bbox 1304 567 1517 624; x_wconf 82' lang='lat' dir='ltr'>Alpinam,</span> <span class='ocrx_word' id='word_1_10' title='bbox 1551 581 1708 625; x_wconf 81' lang='lat' dir='ltr'>expug—</span> 
     </span>
     <span class='ocr_line' id='line_1_4' title="bbox 381 625 1705 683; baseline -0.002 -12"><span class='ocrx_word' id='word_1_11' title='bbox 381 625 505 671; x_wconf 66' lang='lat' dir='ltr'>navit.</span> <span class='ocrx_word' id='word_1_12' title='bbox 568 627 742 682; x_wconf 81' lang='lat' dir='ltr'>Micipsa</span> <span class='ocrx_word' id='word_1_13' title='bbox 781 627 1060 668; x_wconf 80' lang='lat' dir='ltr'>Numidarum</span> <span class='ocrx_word' id='word_1_14' title='bbox 1094 642 1183 676; x_wconf 82' lang='lat' dir='ltr'>rex,</span> <span class='ocrx_word' id='word_1_15' title='bbox 1216 639 1402 670; x_wconf 87' lang='lat' dir='ltr'>mortuus</span> <span class='ocrx_word' id='word_1_16' title='bbox 1436 641 1611 683; x_wconf 87' lang='lat' dir='ltr'>regnum</span> <span class='ocrx_word' id='word_1_17' title='bbox 1633 628 1705 668; x_wconf 88' lang='lat' dir='ltr'>tri-</span> 
     </span>
     <span class='ocr_line' id='line_1_5' title="bbox 382 685 1701 742; baseline -0.002 -13"><span class='ocrx_word' id='word_1_18' title='bbox 382 687 457 729; x_wconf 65' lang='lat' dir='ltr'>bu&lt;</span> <span class='ocrx_word' id='word_1_19' title='bbox 500 687 592 727; x_wconf 74' lang='lat' dir='ltr'>filiis</span> <span class='ocrx_word' id='word_1_20' title='bbox 636 686 815 740; x_wconf 78' lang='lat' dir='ltr'>reliquit,</span> <span class='ocrx_word' id='word_1_21' title='bbox 853 685 1091 735; x_wconf 74' lang='lat' dir='ltr'>Adherbali,</span> <span class='ocrx_word' id='word_1_22' title='bbox 1126 685 1368 741; x_wconf 70' lang='lat' dir='ltr'>Hiempsali,</span> <span class='ocrx_word' id='word_1_23' title='bbox 1408 689 1448 729; x_wconf 86' lang='lat'>&amp;</span> <span class='ocrx_word' id='word_1_24' title='bbox 1485 686 1701 742; x_wconf 82' lang='lat' dir='ltr'>Jugurthae</span> 
     </span>
     <span class='ocr_line' id='line_1_6' title="bbox 382 744 1705 801; baseline 0.001 -16"><span class='ocrx_word' id='word_1_25' title='bbox 382 744 519 787; x_wconf 82' lang='lat' dir='ltr'>fratris</span> <span class='ocrx_word' id='word_1_26' title='bbox 543 745 642 793; x_wconf 84' lang='lat' dir='ltr'>filio,</span> <span class='ocrx_word' id='word_1_27' title='bbox 660 760 781 797; x_wconf 76' lang='lat' dir='ltr'>quem</span> <span class='ocrx_word' id='word_1_28' title='bbox 805 747 1080 801; x_wconf 82' lang='lat' dir='ltr'>adoptaverat.</span> <span class='ocrx_word' id='word_1_29' title='bbox 1114 746 1163 786; x_wconf 88' lang='lat' dir='ltr'>L.</span> <span class='ocrx_word' id='word_1_30' title='bbox 1183 745 1376 787; x_wconf 83' lang='lat' dir='ltr'>Caecilius</span> <span class='ocrx_word' id='word_1_31' title='bbox 1394 746 1590 787; x_wconf 83' lang='lat' dir='ltr'>Metellus</span> <span class='ocrx_word' id='word_1_32' title='bbox 1602 745 1705 787; x_wconf 82' lang='lat' dir='ltr'>Dal-</span> 
     </span>
     <span class='ocr_line' id='line_1_7' title="bbox 384 802 1705 860; baseline -0.002 -13"><span class='ocrx_word' id='word_1_33' title='bbox 384 817 511 846; x_wconf 76' lang='lat' dir='ltr'>matas</span> <span class='ocrx_word' id='word_1_34' title='bbox 529 803 698 858; x_wconf 77' lang='lat' dir='ltr'>subegit.</span> <span class='ocrx_word' id='word_1_35' title='bbox 758 805 963 860; x_wconf 85' lang='lat' dir='ltr'>Jugurtha</span> <span class='ocrx_word' id='word_1_36' title='bbox 978 804 1257 859; x_wconf 76' lang='lat' dir='ltr'>Hiempsalem</span> <span class='ocrx_word' id='word_1_37' title='bbox 1272 805 1440 847; x_wconf 80' lang='lat' dir='ltr'>fratrem</span> <span class='ocrx_word' id='word_1_38' title='bbox 1454 802 1561 845; x_wconf 88' lang='lat' dir='ltr'>bello</span> <span class='ocrx_word' id='word_1_39' title='bbox 1574 804 1705 859; x_wconf 70' lang='lat' dir='ltr'>petiit,</span> 
     </span>
     <span class='ocr_line' id='line_1_8' title="bbox 385 861 1704 920; baseline -0.002 -15"><span class='ocrx_word' id='word_1_40' title='bbox 385 879 508 918; x_wconf 87' lang='lat' dir='ltr'>quem</span> <span class='ocrx_word' id='word_1_41' title='bbox 545 863 703 904; x_wconf 63' lang='lat' dir='ltr'>vietum</span> <span class='ocrx_word' id='word_1_42' title='bbox 740 864 918 905; x_wconf 89' lang='lat' dir='ltr'>occidit:</span> <span class='ocrx_word' id='word_1_43' title='bbox 952 864 1229 904; x_wconf 81' lang='lat' dir='ltr'>Adherbalem</span> <span class='ocrx_word' id='word_1_44' title='bbox 1262 879 1389 920; x_wconf 85' lang='lat' dir='ltr'>regno</span> <span class='ocrx_word' id='word_1_45' title='bbox 1410 861 1592 918; x_wconf 83' lang='lat' dir='ltr'>expulit:</span> <span class='ocrx_word' id='word_1_46' title='bbox 1623 862 1657 903; x_wconf 88' lang='lat' dir='ltr'>is</span> <span class='ocrx_word' id='word_1_47' title='bbox 1681 878 1704 903; x_wconf 85' lang='lat' dir='ltr'>a</span> 
     </span>
     <span class='ocr_line' id='line_1_9' title="bbox 385 921 1705 974; baseline -0.002 -11"><span class='ocrx_word' id='word_1_48' title='bbox 385 923 524 964; x_wconf 82' lang='lat' dir='ltr'>senatu</span> <span class='ocrx_word' id='word_1_49' title='bbox 546 921 755 963; x_wconf 86' lang='lat' dir='ltr'>restitutus</span> <span class='ocrx_word' id='word_1_50' title='bbox 776 922 847 963; x_wconf 86' lang='lat' dir='ltr'>est.</span> <span class='ocrx_word' id='word_1_51' title='bbox 890 923 940 964; x_wconf 93' lang='lat' dir='ltr'>L.</span> <span class='ocrx_word' id='word_1_52' title='bbox 953 923 1143 964; x_wconf 79' lang='lat' dir='ltr'>Caecilius</span> <span class='ocrx_word' id='word_1_53' title='bbox 1164 922 1466 974; x_wconf 84' lang='lat' dir='ltr'>Metellus,Cn.</span> <span class='ocrx_word' id='word_1_54' title='bbox 1492 921 1705 963; x_wconf 83' lang='lat' dir='ltr'>Domitius</span> 
     </span>
     <span class='ocr_line' id='line_1_10' title="bbox 385 979 1707 1039; baseline -0.002 -16"><span class='ocrx_word' id='word_1_55' title='bbox 385 979 703 1032; x_wconf 63' lang='lat' dir='ltr'>Ahenobarbus,</span> <span class='ocrx_word' id='word_1_56' title='bbox 737 981 936 1032; x_wconf 82' lang='lat' dir='ltr'>censores,</span> <span class='ocrx_word' id='word_1_57' title='bbox 968 983 1071 1022; x_wconf 83' lang='lat' dir='ltr'>duos</span> <span class='ocrx_word' id='word_1_58' title='bbox 1114 984 1152 1024; x_wconf 63' lang='grc' dir='ltr'>ἃ</span> <span class='ocrx_word' id='word_1_59' title='bbox 1191 982 1356 1039; x_wconf 83' lang='lat' dir='ltr'>triginta</span> <span class='ocrx_word' id='word_1_60' title='bbox 1393 981 1532 1022; x_wconf 83' lang='lat' dir='ltr'>senatu</span> <span class='ocrx_word' id='word_1_61' title='bbox 1568 993 1707 1021; x_wconf 88' lang='lat' dir='ltr'>move-</span> 
     </span>
     <span class='ocr_line' id='line_1_11' title="bbox 384 1040 1446 1098; baseline -0.001 -16"><span class='ocrx_word' id='word_1_62' title='bbox 384 1053 493 1083; x_wconf 85' lang='lat' dir='ltr'>runt.</span> <span class='ocrx_word' id='word_1_63' title='bbox 554 1040 757 1081; x_wconf 73' lang='lat' dir='ltr'>Praeterea</span> <span class='ocrx_word' id='word_1_64' title='bbox 779 1051 916 1082; x_wconf 84' lang='lat' dir='ltr'>motus</span> <span class='ocrx_word' id='word_1_65' title='bbox 937 1041 1066 1098; x_wconf 81' lang='lat' dir='ltr'>Syriae</span> <span class='ocrx_word' id='word_1_66' title='bbox 1089 1056 1232 1098; x_wconf 86' lang='lat' dir='ltr'>regum</span> <span class='ocrx_word' id='word_1_67' title='bbox 1253 1041 1446 1084; x_wconf 84' lang='lat' dir='ltr'>continet.</span> 
     </span>
    </p>
   </div>
   <div class='ocr_carea' id='block_1_4' title="bbox 839 1253 1291 1295">
    <p class='ocr_par' dir='ltr' id='par_1_4' title="bbox 839 1253 1291 1295">
     <span class='ocr_line' id='line_1_12' title="bbox 839 1253 1291 1295; baseline 0.002 -1"><span class='ocrx_word' id='word_1_68' title='bbox 839 1253 1058 1294; x_wconf 79' lang='lat' dir='ltr'>LIBRI</span> <span class='ocrx_word' id='word_1_69' title='bbox 1124 1253 1291 1295; x_wconf 84' lang='lat' dir='ltr'><strong>LXIII.</strong></span> 
     </span>
    </p>
   </div>
   <div class='ocr_carea' id='block_1_5' title="bbox 385 1369 1713 2049">
    <p class='ocr_par' dir='ltr' id='par_1_5' title="bbox 385 1369 1713 2049">
     <span class='ocr_line' id='line_1_13' title="bbox 389 1369 1711 1448; baseline -0.002 -3"><span class='ocrx_word' id='word_1_70' title='bbox 389 1369 589 1448; x_wconf 82' lang='lat' dir='ltr'><strong>CATO</strong></span> <span class='ocrx_word' id='word_1_71' title='bbox 610 1399 779 1444; x_wconf 83' lang='lat' dir='ltr'>Porcius</span> <span class='ocrx_word' id='word_1_72' title='bbox 809 1400 948 1441; x_wconf 85' lang='lat' dir='ltr'>consul</span> <span class='ocrx_word' id='word_1_73' title='bbox 983 1400 1024 1440; x_wconf 90' lang='lat' dir='ltr'>in</span> <span class='ocrx_word' id='word_1_74' title='bbox 1056 1398 1234 1440; x_wconf 53' lang='lat' dir='ltr'>Thraci&amp;</span> <span class='ocrx_word' id='word_1_75' title='bbox 1256 1396 1361 1440; x_wconf 71' lang='lat' dir='ltr'>male</span> <span class='ocrx_word' id='word_1_76' title='bbox 1383 1394 1574 1441; x_wconf 63' lang='lat' dir='ltr'>adversus</span> <span class='ocrx_word' id='word_1_77' title='bbox 1589 1398 1711 1443; x_wconf 81' lang='lat' dir='ltr'>Scor·</span> 
     </span>
     <span class='ocr_line' id='line_1_14' title="bbox 385 1457 1709 1516; baseline 0 -16"><span class='ocrx_word' id='word_1_78' title='bbox 385 1460 517 1503; x_wconf 84' lang='lat' dir='ltr'>discos</span> <span class='ocrx_word' id='word_1_79' title='bbox 557 1460 767 1516; x_wconf 84' lang='lat' dir='ltr'>pugnavit.</span> <span class='ocrx_word' id='word_1_80' title='bbox 833 1459 1028 1499; x_wconf 86' lang='lat' dir='ltr'>Lustrum</span> <span class='ocrx_word' id='word_1_81' title='bbox 1066 1474 1088 1498; x_wconf 77' lang='lat' dir='ltr'><strong>a</strong></span> <span class='ocrx_word' id='word_1_82' title='bbox 1128 1457 1361 1499; x_wconf 82' lang='lat' dir='ltr'>censoribus</span> <span class='ocrx_word' id='word_1_83' title='bbox 1403 1459 1616 1501; x_wconf 88' lang='lat' dir='ltr'>conditum</span> <span class='ocrx_word' id='word_1_84' title='bbox 1636 1460 1709 1501; x_wconf 87' lang='lat' dir='ltr'>est.</span> 
     </span>
     <span class='ocr_line' id='line_1_15' title="bbox 388 1517 1712 1572; baseline 0 -12"><span class='ocrx_word' id='word_1_85' title='bbox 388 1519 520 1562; x_wconf 87' lang='lat' dir='ltr'>Censa</span> <span class='ocrx_word' id='word_1_86' title='bbox 542 1520 632 1560; x_wconf 89' lang='lat' dir='ltr'>sunt</span> <span class='ocrx_word' id='word_1_87' title='bbox 655 1519 805 1560; x_wconf 86' lang='lat' dir='ltr'>civium</span> <span class='ocrx_word' id='word_1_88' title='bbox 829 1517 962 1572; x_wconf 80' lang='lat' dir='ltr'>capita</span> <span class='ocrx_word' id='word_1_89' title='bbox 983 1526 1164 1557; x_wconf 73' lang='lat' dir='ltr'>trecenta</span> <span class='ocrx_word' id='word_1_90' title='bbox 1186 1517 1409 1572; x_wconf 79' lang='lat' dir='ltr'>nonaginta</span> <span class='ocrx_word' id='word_1_91' title='bbox 1423 1527 1599 1572; x_wconf 72' lang='lat' dir='ltr'>quatuor</span> <span class='ocrx_word' id='word_1_92' title='bbox 1619 1519 1712 1560; x_wconf 87' lang='lat' dir='ltr'>mil-</span> 
     </span>
     <span class='ocr_line' id='line_1_16' title="bbox 388 1574 1712 1633; baseline 0.001 -15"><span class='ocrx_word' id='word_1_93' title='bbox 388 1578 458 1631; x_wconf 83' lang='lat' dir='ltr'>lia,</span> <span class='ocrx_word' id='word_1_94' title='bbox 481 1590 660 1620; x_wconf 84' lang='lat' dir='ltr'>trecenta</span> <span class='ocrx_word' id='word_1_95' title='bbox 684 1577 848 1633; x_wconf 84' lang='lat' dir='ltr'>triginta</span> <span class='ocrx_word' id='word_1_96' title='bbox 885 1575 963 1616; x_wconf 84' lang='lat' dir='ltr'>sex.</span> <span class='ocrx_word' id='word_1_97' title='bbox 1028 1574 1214 1622; x_wconf 79' lang='lat' dir='ltr'>AEmilia,</span> <span class='ocrx_word' id='word_1_98' title='bbox 1236 1575 1408 1626; x_wconf 80' lang='lat' dir='ltr'>Licinia,</span> <span class='ocrx_word' id='word_1_99' title='bbox 1430 1577 1608 1628; x_wconf 83' lang='lat' dir='ltr'>Marcia,</span> <span class='ocrx_word' id='word_1_100' title='bbox 1630 1578 1712 1619; x_wconf 86' lang='lat' dir='ltr'>vir-</span> 
     </span>
     <span class='ocr_line' id='line_1_17' title="bbox 389 1633 1712 1692; baseline -0.001 -14"><span class='ocrx_word' id='word_1_101' title='bbox 389 1639 506 1692; x_wconf 82' lang='lat' dir='ltr'>gines</span> <span class='ocrx_word' id='word_1_102' title='bbox 543 1637 744 1685; x_wconf 81' lang='lat' dir='ltr'>Vestales,</span> <span class='ocrx_word' id='word_1_103' title='bbox 778 1634 916 1675; x_wconf 84' lang='lat' dir='ltr'>incesti</span> <span class='ocrx_word' id='word_1_104' title='bbox 946 1635 1148 1675; x_wconf 73' lang='lat' dir='ltr'>damnatae</span> <span class='ocrx_word' id='word_1_105' title='bbox 1191 1633 1308 1674; x_wconf 80' lang='lat' dir='ltr'>sunt:</span> <span class='ocrx_word' id='word_1_106' title='bbox 1352 1635 1474 1690; x_wconf 71' lang='lat' dir='ltr'>idque</span> <span class='ocrx_word' id='word_1_107' title='bbox 1512 1635 1712 1677; x_wconf 86' lang='lat' dir='ltr'>incestum</span> 
     </span>
     <span class='ocr_line' id='line_1_18' title="bbox 392 1693 1713 1748; baseline -0.008 -9"><span class='ocrx_word' id='word_1_108' title='bbox 392 1696 743 1748; x_wconf 83' lang='lat' dir='ltr'>quemadmodum</span> <span class='ocrx_word' id='word_1_109' title='bbox 766 1698 804 1737; x_wconf 63' lang='lat' dir='ltr'>&amp;c</span> <span class='ocrx_word' id='word_1_110' title='bbox 831 1693 1105 1744; x_wconf 72' lang='lat' dir='ltr'>commissum,</span> <span class='ocrx_word' id='word_1_111' title='bbox 1140 1694 1178 1733; x_wconf 73' lang='grc' dir='ltr'>δ(</span> <span class='ocrx_word' id='word_1_112' title='bbox 1204 1693 1517 1746; x_wconf 86' lang='lat' dir='ltr'>deprehensum,</span> <span class='ocrx_word' id='word_1_113' title='bbox 1549 1699 1591 1737; x_wconf 82' lang='lat'>&amp;</span> <span class='ocrx_word' id='word_1_114' title='bbox 1625 1695 1713 1735; x_wconf 84' lang='lat' dir='ltr'>vin-</span> 
     </span>
     <span class='ocr_line' id='line_1_19' title="bbox 392 1751 1712 1807; baseline 0.001 -13"><span class='ocrx_word' id='word_1_115' title='bbox 392 1756 572 1798; x_wconf 85' lang='lat' dir='ltr'>dicatum</span> <span class='ocrx_word' id='word_1_116' title='bbox 597 1755 656 1804; x_wconf 88' lang='lat' dir='ltr'>fit,</span> <span class='ocrx_word' id='word_1_117' title='bbox 686 1753 876 1794; x_wconf 84' lang='lat' dir='ltr'>refertur.</span> <span class='ocrx_word' id='word_1_118' title='bbox 936 1751 1110 1799; x_wconf 84' lang='lat' dir='ltr'>Cimbri,</span> <span class='ocrx_word' id='word_1_119' title='bbox 1145 1765 1244 1807; x_wconf 83' lang='lat' dir='ltr'>gens</span> <span class='ocrx_word' id='word_1_120' title='bbox 1268 1765 1384 1806; x_wconf 68' lang='lat' dir='ltr'>vaga,</span> <span class='ocrx_word' id='word_1_121' title='bbox 1430 1752 1712 1807; x_wconf 70' lang='lat' dir='ltr'>populabundi</span> 
     </span>
     <span class='ocr_line' id='line_1_20' title="bbox 390 1809 1713 1872; baseline -0.001 -19"><span class='ocrx_word' id='word_1_122' title='bbox 390 1812 435 1856; x_wconf 85' lang='lat' dir='ltr'>in</span> <span class='ocrx_word' id='word_1_123' title='bbox 457 1815 662 1872; x_wconf 87' lang='lat' dir='ltr'>Illyricum</span> <span class='ocrx_word' id='word_1_124' title='bbox 687 1822 910 1853; x_wconf 77' lang='lat' dir='ltr'>venerunt:</span> <span class='ocrx_word' id='word_1_125' title='bbox 943 1811 992 1852; x_wconf 88' lang='lat' dir='ltr'>ab</span> <span class='ocrx_word' id='word_1_126' title='bbox 1015 1810 1063 1851; x_wconf 77' lang='lat' dir='ltr'>iis</span> <span class='ocrx_word' id='word_1_127' title='bbox 1093 1809 1279 1864; x_wconf 80' lang='lat' dir='ltr'>Papirius</span> <span class='ocrx_word' id='word_1_128' title='bbox 1303 1809 1439 1852; x_wconf 85' lang='lat' dir='ltr'>Carbo</span> <span class='ocrx_word' id='word_1_129' title='bbox 1459 1810 1599 1852; x_wconf 89' lang='lat' dir='ltr'>consul</span> <span class='ocrx_word' id='word_1_130' title='bbox 1617 1826 1713 1854; x_wconf 88' lang='lat' dir='ltr'>cum</span> 
     </span>
     <span class='ocr_line' id='line_1_21' title="bbox 393 1869 1713 1916; baseline -0.002 -1"><span class='ocrx_word' id='word_1_131' title='bbox 393 1876 576 1916; x_wconf 87' lang='lat' dir='ltr'>exercitu</span> <span class='ocrx_word' id='word_1_132' title='bbox 605 1871 718 1913; x_wconf 84' lang='lat' dir='ltr'>fusus</span> <span class='ocrx_word' id='word_1_133' title='bbox 740 1870 811 1912; x_wconf 88' lang='lat' dir='ltr'>est.</span> <span class='ocrx_word' id='word_1_134' title='bbox 878 1870 1019 1912; x_wconf 86' lang='lat' dir='ltr'>Livius</span> <span class='ocrx_word' id='word_1_135' title='bbox 1040 1869 1197 1910; x_wconf 85' lang='lat' dir='ltr'>Drusus</span> <span class='ocrx_word' id='word_1_136' title='bbox 1219 1869 1359 1909; x_wconf 85' lang='lat' dir='ltr'>consul</span> <span class='ocrx_word' id='word_1_137' title='bbox 1381 1870 1570 1912; x_wconf 75' lang='lat' dir='ltr'>adversus</span> <span class='ocrx_word' id='word_1_138' title='bbox 1590 1871 1713 1912; x_wconf 86' lang='lat' dir='ltr'>Scor-</span> 
     </span>
     <span class='ocr_line' id='line_1_22' title="bbox 395 1927 1713 1989; baseline -0.003 -15"><span class='ocrx_word' id='word_1_139' title='bbox 395 1933 539 1983; x_wconf 85' lang='lat' dir='ltr'>discos,</span> <span class='ocrx_word' id='word_1_140' title='bbox 580 1941 746 1989; x_wconf 86' lang='lat' dir='ltr'>gentem</span> <span class='ocrx_word' id='word_1_141' title='bbox 769 1929 944 1972; x_wconf 80' lang='lat' dir='ltr'>aGallis</span> <span class='ocrx_word' id='word_1_142' title='bbox 967 1929 1199 1977; x_wconf 64' lang='lat' dir='ltr'>oriundam,</span> <span class='ocrx_word' id='word_1_143' title='bbox 1237 1927 1279 1967; x_wconf 88' lang='lat' dir='ltr'>in</span> <span class='ocrx_word' id='word_1_144' title='bbox 1319 1927 1499 1971; x_wconf 60' lang='lat' dir='ltr'>Thracia</span> <span class='ocrx_word' id='word_1_145' title='bbox 1539 1927 1713 1973; x_wconf 82' lang='lat' dir='ltr'>feliciter</span> 
     </span>
     <span class='ocr_line' id='line_1_23' title="bbox 395 1992 607 2049; baseline 0 -16"><span class='ocrx_word' id='word_1_146' title='bbox 395 1992 607 2049; x_wconf 82' lang='lat' dir='ltr'>pugnavit.</span> 
     </span>
    </p>
   </div>
   <div class='ocr_carea' id='block_1_6' title="bbox 832 2168 1280 2212">
    <p class='ocr_par' dir='ltr' id='par_1_6' title="bbox 832 2168 1280 2212">
     <span class='ocr_line' id='line_1_24' title="bbox 832 2168 1280 2212; baseline -0.009 0"><span class='ocrx_word' id='word_1_147' title='bbox 832 2169 953 2212; x_wconf 81' lang='lat' dir='ltr'>Llss</span> <span class='ocrx_word' id='word_1_148' title='bbox 977 2169 1051 2210; x_wconf 68' lang='grc' dir='ltr'>ΠΙ</span> <span class='ocrx_word' id='word_1_149' title='bbox 1119 2168 1280 2209; x_wconf 77' lang='lat' dir='ltr'>LXIV.</span> 
     </span>
    </p>
   </div>
   <div class='ocr_carea' id='block_1_7' title="bbox 396 2268 1724 2750">
    <p class='ocr_par' dir='ltr' id='par_1_7' title="bbox 396 2268 1724 2716">
     <span class='ocr_line' id='line_1_25' title="bbox 399 2268 1718 2356; baseline -0.001 -13"><span class='ocrx_word' id='word_1_150' title='bbox 399 2268 791 2350; x_wconf 81' lang='lat' dir='ltr'>ADHERBAL‚</span> <span class='ocrx_word' id='word_1_151' title='bbox 821 2300 930 2342; x_wconf 90' lang='lat' dir='ltr'>bello</span> <span class='ocrx_word' id='word_1_152' title='bbox 950 2299 1101 2356; x_wconf 85' lang='lat' dir='ltr'>petitus</span> <span class='ocrx_word' id='word_1_153' title='bbox 1122 2315 1145 2340; x_wconf 77' lang='lat' dir='ltr'>a</span> <span class='ocrx_word' id='word_1_154' title='bbox 1179 2298 1403 2354; x_wconf 67' lang='lat' dir='ltr'>Jugurthfi,</span> <span class='ocrx_word' id='word_1_155' title='bbox 1438 2299 1477 2339; x_wconf 82' lang='lat' dir='ltr'>8c</span> <span class='ocrx_word' id='word_1_156' title='bbox 1507 2297 1550 2339; x_wconf 84' lang='lat' dir='ltr'>in</span> <span class='ocrx_word' id='word_1_157' title='bbox 1566 2299 1718 2355; x_wconf 78' lang='lat' dir='ltr'>oppido</span> 
     </span>
     <span class='ocr_line' id='line_1_26' title="bbox 399 2354 1721 2409; baseline -0.001 -7"><span class='ocrx_word' id='word_1_158' title='bbox 399 2360 514 2402; x_wconf 56' lang='lat' dir='ltr'>Cirta</span> <span class='ocrx_word' id='word_1_159' title='bbox 534 2360 724 2409; x_wconf 74' lang='lat' dir='ltr'>obsessus,</span> <span class='ocrx_word' id='word_1_160' title='bbox 754 2370 897 2400; x_wconf 79' lang='lat' dir='ltr'>contra</span> <span class='ocrx_word' id='word_1_161' title='bbox 933 2357 1294 2401; x_wconf 86' lang='lat' dir='ltr'>denunciationem</span> <span class='ocrx_word' id='word_1_162' title='bbox 1321 2354 1482 2399; x_wconf 71' lang='lat' dir='ltr'>senatus</span> <span class='ocrx_word' id='word_1_163' title='bbox 1503 2357 1553 2399; x_wconf 86' lang='lat' dir='ltr'>ab</span> <span class='ocrx_word' id='word_1_164' title='bbox 1585 2372 1636 2400; x_wconf 91' lang='lat' dir='ltr'>eo</span> <span class='ocrx_word' id='word_1_165' title='bbox 1650 2373 1721 2401; x_wconf 84' lang='lat' dir='ltr'>oc-</span> 
     </span>
     <span class='ocr_line' id='line_1_27' title="bbox 396 2416 1723 2474; baseline -0.002 -14"><span class='ocrx_word' id='word_1_166' title='bbox 396 2419 501 2461; x_wconf 76' lang='lat' dir='ltr'>cisus</span> <span class='ocrx_word' id='word_1_167' title='bbox 511 2419 581 2460; x_wconf 87' lang='lat' dir='ltr'>est.</span> <span class='ocrx_word' id='word_1_168' title='bbox 605 2418 764 2460; x_wconf 89' lang='lat' dir='ltr'>Obhoc</span> <span class='ocrx_word' id='word_1_169' title='bbox 781 2418 1072 2474; x_wconf 73' lang='lat' dir='ltr'>ipsiJugurthae</span> <span class='ocrx_word' id='word_1_170' title='bbox 1083 2417 1466 2459; x_wconf 75' lang='lat' dir='ltr'>bellumindiCtum:</span> <span class='ocrx_word' id='word_1_171' title='bbox 1490 2416 1615 2472; x_wconf 90' lang='lat' dir='ltr'>idque</span> <span class='ocrx_word' id='word_1_172' title='bbox 1628 2417 1723 2459; x_wconf 87' lang='lat' dir='ltr'>Cal-</span> 
     </span>
     <span class='ocr_line' id='line_1_28' title="bbox 397 2472 1724 2533; baseline -0.002 -15"><span class='ocrx_word' id='word_1_173' title='bbox 397 2478 571 2532; x_wconf 87' lang='lat' dir='ltr'>purnius</span> <span class='ocrx_word' id='word_1_174' title='bbox 591 2477 724 2518; x_wconf 85' lang='lat' dir='ltr'>Bestia</span> <span class='ocrx_word' id='word_1_175' title='bbox 744 2477 885 2519; x_wconf 86' lang='lat' dir='ltr'>consul</span> <span class='ocrx_word' id='word_1_176' title='bbox 905 2491 1044 2532; x_wconf 86' lang='lat' dir='ltr'>gerere</span> <span class='ocrx_word' id='word_1_177' title='bbox 1063 2477 1206 2533; x_wconf 89' lang='lat' dir='ltr'>jussus,</span> <span class='ocrx_word' id='word_1_178' title='bbox 1228 2490 1369 2531; x_wconf 89' lang='lat' dir='ltr'>pacem</span> <span class='ocrx_word' id='word_1_179' title='bbox 1399 2490 1494 2516; x_wconf 88' lang='lat' dir='ltr'>cum</span> <span class='ocrx_word' id='word_1_180' title='bbox 1515 2472 1724 2532; x_wconf 84' lang='lat' dir='ltr'>Jugurtha.</span> 
     </span>
     <span class='ocr_line' id='line_1_29' title="bbox 398 2533 1722 2592; baseline -0.002 -16"><span class='ocrx_word' id='word_1_181' title='bbox 398 2537 545 2592; x_wconf 82' lang='lat' dir='ltr'>injufl&#39;u</span> <span class='ocrx_word' id='word_1_182' title='bbox 563 2537 707 2592; x_wconf 84' lang='lat' dir='ltr'>populi</span> <span class='ocrx_word' id='word_1_183' title='bbox 728 2539 765 2578; x_wconf 76' lang='lat'>8&lt;</span> <span class='ocrx_word' id='word_1_184' title='bbox 789 2536 951 2578; x_wconf 68' lang='lat' dir='ltr'>senatus</span> <span class='ocrx_word' id='word_1_185' title='bbox 973 2536 1083 2578; x_wconf 85' lang='lat' dir='ltr'>fecit.</span> <span class='ocrx_word' id='word_1_186' title='bbox 1115 2535 1335 2591; x_wconf 81' lang='lat' dir='ltr'>Jugurtha,</span> <span class='ocrx_word' id='word_1_187' title='bbox 1351 2534 1432 2576; x_wconf 85' lang='lat' dir='ltr'>fide</span> <span class='ocrx_word' id='word_1_188' title='bbox 1447 2533 1610 2590; x_wconf 56' lang='lat' dir='ltr'>public&amp;</span> <span class='ocrx_word' id='word_1_189' title='bbox 1622 2546 1722 2574; x_wconf 83' lang='lat' dir='ltr'>evo-</span> 
     </span>
     <span class='ocr_line' id='line_1_30' title="bbox 400 2590 1722 2646; baseline -0.002 -11"><span class='ocrx_word' id='word_1_190' title='bbox 400 2606 515 2637; x_wconf 85' lang='lat' dir='ltr'>catus</span> <span class='ocrx_word' id='word_1_191' title='bbox 537 2597 588 2636; x_wconf 87' lang='lat' dir='ltr'>ad</span> <span class='ocrx_word' id='word_1_192' title='bbox 622 2596 863 2637; x_wconf 82' lang='lat' dir='ltr'>indicandos</span> <span class='ocrx_word' id='word_1_193' title='bbox 895 2595 1084 2637; x_wconf 65' lang='lat' dir='ltr'>auetores</span> <span class='ocrx_word' id='word_1_194' title='bbox 1111 2594 1370 2635; x_wconf 79' lang='lat' dir='ltr'>confiliorum</span> <span class='ocrx_word' id='word_1_195' title='bbox 1393 2594 1574 2640; x_wconf 87' lang='lat' dir='ltr'>suorum,</span> <span class='ocrx_word' id='word_1_196' title='bbox 1605 2590 1722 2646; x_wconf 75' lang='lat' dir='ltr'>quod</span> 
     </span>
     <span class='ocr_line' id='line_1_31' title="bbox 401 2650 1724 2716; baseline -0.002 -24"><span class='ocrx_word' id='word_1_197' title='bbox 401 2654 553 2695; x_wconf 86' lang='lat' dir='ltr'>multos</span> <span class='ocrx_word' id='word_1_198' title='bbox 575 2655 748 2709; x_wconf 61' lang='lat' dir='ltr'>pecunia</span> <span class='ocrx_word' id='word_1_199' title='bbox 763 2654 803 2695; x_wconf 89' lang='lat' dir='ltr'>in</span> <span class='ocrx_word' id='word_1_200' title='bbox 819 2654 956 2697; x_wconf 86' lang='lat' dir='ltr'>senatu</span> <span class='ocrx_word' id='word_1_201' title='bbox 973 2653 1190 2709; x_wconf 79' lang='lat' dir='ltr'>corrupisse</span> <span class='ocrx_word' id='word_1_202' title='bbox 1209 2652 1444 2704; x_wconf 82' lang='lat' dir='ltr'>dicebatur,-</span> <span class='ocrx_word' id='word_1_203' title='bbox 1456 2650 1638 2692; x_wconf 88' lang='lat' dir='ltr'>Romam</span> <span class='ocrx_word' id='word_1_204' title='bbox 1654 2664 1724 2716; x_wconf 59' lang='lat' dir='ltr'>xse-</span> 
     </span>
    </p>

    <p class='ocr_par' dir='ltr' id='par_1_8' title="bbox 1635 2718 1724 2750">
     <span class='ocr_line' id='line_1_32' title="bbox 1635 2718 1724 2750; baseline 0.011 -1"><span class='ocrx_word' id='word_1_205' title='bbox 1635 2718 1724 2750; x_wconf 75' lang='lat' dir='ltr'>nit:</span> 
     </span>
    </p>
   </div>
  </div>
 </body>
</html>
