<?xml version="1.0" encoding="UTF-8"?>
<!DOCTYPE html PUBLIC "-//W3C//DTD XHTML 1.0 Transitional//EN"
    "http://www.w3.org/TR/xhtml1/DTD/xhtml1-transitional.dtd">
<html xmlns="http://www.w3.org/1999/xhtml" xml:lang="en" lang="en">
 <head>
  <title>
</title>
<meta http-equiv="Content-Type" content="text/html;charset=utf-8" />
  <meta name='ocr-system' content='tesseract 3.04.00' />
  <meta name='ocr-capabilities' content='ocr_page ocr_carea ocr_par ocr_line ocrx_word'/>
</head>
<body>
  <div class='ocr_page' id='page_1' title='image "./historiaeromanae04livyuoft_0295.png"; bbox 0 0 1830 3131; ppageno 0'>
   <div class='ocr_carea' id='block_1_1' title="bbox 613 236 1015 280">
    <p class='ocr_par' dir='ltr' id='par_1_1' title="bbox 613 236 1015 280">
     <span class='ocr_line' id='line_1_1' title="bbox 613 236 1015 280; baseline -0.005 0"><span class='ocrx_word' id='word_1_1' title='bbox 613 236 1015 280; x_wconf 76' lang='lat' dir='ltr'>EPITOME</span> 
     </span>
    </p>
   </div>
   <div class='ocr_carea' id='block_1_2' title="bbox 601 418 991 463">
    <p class='ocr_par' dir='ltr' id='par_1_2' title="bbox 601 418 991 463">
     <span class='ocr_line' id='line_1_2' title="bbox 601 418 991 463; baseline -0.005 0"><span class='ocrx_word' id='word_1_2' title='bbox 601 421 832 463; x_wconf 85' lang='lat' dir='ltr'>LIBRI</span> <span class='ocrx_word' id='word_1_3' title='bbox 896 418 991 462; x_wconf 89' lang='lat' dir='ltr'><strong>XC.</strong></span> 
     </span>
    </p>
   </div>
   <div class='ocr_carea' id='block_1_3' title="bbox 139 513 1472 591">
    <p class='ocr_par' dir='ltr' id='par_1_3' title="bbox 139 513 1472 591">
     <span class='ocr_line' id='line_1_3' title="bbox 139 513 1472 591; baseline -0.005 -9"><span class='ocrx_word' id='word_1_4' title='bbox 139 513 359 586; x_wconf 80' lang='lat' dir='ltr'>SULLA</span> <span class='ocrx_word' id='word_1_5' title='bbox 399 536 576 588; x_wconf 86' lang='lat' dir='ltr'><strong>decessit,</strong></span> <span class='ocrx_word' id='word_1_6' title='bbox 607 536 818 591; x_wconf 80' lang='lat' dir='ltr'><strong>honosque</strong></span> <span class='ocrx_word' id='word_1_7' title='bbox 854 535 891 576; x_wconf 89' lang='lat' dir='ltr'><strong>ei</strong></span> <span class='ocrx_word' id='word_1_8' title='bbox 926 550 949 576; x_wconf 87' lang='lat' dir='ltr'>a</span> <span class='ocrx_word' id='word_1_9' title='bbox 977 536 1116 577; x_wconf 85' lang='lat' dir='ltr'><strong>senatu</strong></span> <span class='ocrx_word' id='word_1_10' title='bbox 1137 533 1300 577; x_wconf 81' lang='lat' dir='ltr'><strong>habitus</strong></span> <span class='ocrx_word' id='word_1_11' title='bbox 1321 534 1395 585; x_wconf 83' lang='lat' dir='ltr'><strong>est,</strong></span> <span class='ocrx_word' id='word_1_12' title='bbox 1426 543 1472 576; x_wconf 85' lang='lat' dir='ltr'><strong>ut</strong></span> 
     </span>
    </p>
   </div>
   <div class='ocr_carea' id='block_1_4' title="bbox 134 594 1479 1066">
    <p class='ocr_par' dir='ltr' id='par_1_4' title="bbox 134 594 1479 1066">
     <span class='ocr_line' id='line_1_4' title="bbox 134 594 1472 654; baseline -0.004 -14"><span class='ocrx_word' id='word_1_13' title='bbox 134 600 178 640; x_wconf 89' lang='lat' dir='ltr'><strong>in</strong></span> <span class='ocrx_word' id='word_1_14' title='bbox 222 613 368 654; x_wconf 81' lang='lat' dir='ltr'><strong>campo</strong></span> <span class='ocrx_word' id='word_1_15' title='bbox 410 597 567 639; x_wconf 88' lang='lat' dir='ltr'><strong>Martio</strong></span> <span class='ocrx_word' id='word_1_16' title='bbox 609 596 860 651; x_wconf 77' lang='lat' dir='ltr'><strong>sepeliretur.</strong></span> <span class='ocrx_word' id='word_1_17' title='bbox 925 596 991 637; x_wconf 89' lang='lat' dir='ltr'><strong>M.</strong></span> <span class='ocrx_word' id='word_1_18' title='bbox 1034 595 1232 636; x_wconf 86' lang='lat' dir='ltr'><strong>AEmilius</strong></span> <span class='ocrx_word' id='word_1_19' title='bbox 1272 594 1472 649; x_wconf 86' lang='lat' dir='ltr'>Lepidus,</span> 
     </span>
     <span class='ocr_line' id='line_1_5' title="bbox 135 653 1477 713; baseline -0.005 -13"><span class='ocrx_word' id='word_1_20' title='bbox 135 673 267 713; x_wconf 88' lang='lat' dir='ltr'><strong>quum</strong></span> <span class='ocrx_word' id='word_1_21' title='bbox 295 657 385 697; x_wconf 60' lang='lat' dir='ltr'><strong>atta</strong></span> <span class='ocrx_word' id='word_1_22' title='bbox 429 657 554 699; x_wconf 80' lang='lat' dir='ltr'><strong>Sullae</strong></span> <span class='ocrx_word' id='word_1_23' title='bbox 591 664 765 696; x_wconf 87' lang='lat' dir='ltr'><strong>tentaret</strong></span> <span class='ocrx_word' id='word_1_24' title='bbox 796 653 1042 706; x_wconf 81' lang='lat' dir='ltr'><strong>rescindere,</strong></span> <span class='ocrx_word' id='word_1_25' title='bbox 1073 654 1230 694; x_wconf 85' lang='lat' dir='ltr'><strong>bellurn</strong></span> <span class='ocrx_word' id='word_1_26' title='bbox 1252 654 1477 694; x_wconf 76' lang='lat' dir='ltr'><strong>excitavit:</strong></span> 
     </span>
     <span class='ocr_line' id='line_1_6' title="bbox 139 712 1474 774; baseline -0.004 -17"><span class='ocrx_word' id='word_1_27' title='bbox 139 721 177 758; x_wconf 73' lang='grc' dir='ltr'>ἃ</span> <span class='ocrx_word' id='word_1_28' title='bbox 203 732 225 757; x_wconf 85' lang='lat' dir='ltr'>a</span> <span class='ocrx_word' id='word_1_29' title='bbox 258 715 490 774; x_wconf 74' lang='lat' dir='ltr'><strong>QCatulo</strong></span> <span class='ocrx_word' id='word_1_30' title='bbox 519 715 674 770; x_wconf 59' lang='lat' dir='ltr'><strong>colleg&amp;</strong></span> <span class='ocrx_word' id='word_1_31' title='bbox 717 713 832 753; x_wconf 64' lang='lat' dir='ltr'><strong>Italia</strong></span> <span class='ocrx_word' id='word_1_32' title='bbox 861 712 1000 768; x_wconf 83' lang='lat' dir='ltr'><strong>pulsus</strong></span> <span class='ocrx_word' id='word_1_33' title='bbox 1022 712 1108 754; x_wconf 88' lang='lat' dir='ltr'><strong>est:</strong></span> <span class='ocrx_word' id='word_1_34' title='bbox 1140 715 1178 754; x_wconf 75' lang='lat'><strong>8&lt;</strong></span> <span class='ocrx_word' id='word_1_35' title='bbox 1204 713 1245 753; x_wconf 82' lang='lat' dir='ltr'><strong>in</strong></span> <span class='ocrx_word' id='word_1_36' title='bbox 1271 712 1474 763; x_wconf 63' lang='lat' dir='ltr'><strong>Sardinia,</strong></span> 
     </span>
     <span class='ocr_line' id='line_1_7' title="bbox 136 770 1473 827; baseline -0.004 -11"><span class='ocrx_word' id='word_1_37' title='bbox 136 775 287 817; x_wconf 87' lang='lat' dir='ltr'><strong>frustra</strong></span> <span class='ocrx_word' id='word_1_38' title='bbox 330 775 484 815; x_wconf 89' lang='lat' dir='ltr'><strong>bellum</strong></span> <span class='ocrx_word' id='word_1_39' title='bbox 522 774 704 821; x_wconf 87' lang='lat' dir='ltr'><strong>molitus,</strong></span> <span class='ocrx_word' id='word_1_40' title='bbox 736 772 870 827; x_wconf 88' lang='lat' dir='ltr'><strong>periit.</strong></span> <span class='ocrx_word' id='word_1_41' title='bbox 936 772 1002 815; x_wconf 90' lang='lat' dir='ltr'><strong>M.</strong></span> <span class='ocrx_word' id='word_1_42' title='bbox 1034 773 1204 822; x_wconf 89' lang='lat' dir='ltr'><strong>Brutus,</strong></span> <span class='ocrx_word' id='word_1_43' title='bbox 1237 770 1308 826; x_wconf 87' lang='lat' dir='ltr'><strong>qui</strong></span> <span class='ocrx_word' id='word_1_44' title='bbox 1345 771 1473 814; x_wconf 82' lang='lat' dir='ltr'><strong>Cisal-</strong></span> 
     </span>
     <span class='ocr_line' id='line_1_8' title="bbox 136 828 1479 890; baseline -0.003 -16"><span class='ocrx_word' id='word_1_45' title='bbox 136 834 277 890; x_wconf 81' lang='lat' dir='ltr'>pinam</span> <span class='ocrx_word' id='word_1_46' title='bbox 302 833 483 874; x_wconf 80' lang='lat' dir='ltr'>Galliam</span> <span class='ocrx_word' id='word_1_47' title='bbox 516 832 741 881; x_wconf 84' lang='lat' dir='ltr'><strong>obtinebat,</strong></span> <span class='ocrx_word' id='word_1_48' title='bbox 773 846 796 872; x_wconf 88' lang='lat' dir='ltr'>a</span> <span class='ocrx_word' id='word_1_49' title='bbox 829 831 908 873; x_wconf 91' lang='lat' dir='ltr'><strong>Cn.</strong></span> <span class='ocrx_word' id='word_1_50' title='bbox 970 831 1170 886; x_wconf 85' lang='lat' dir='ltr'><strong>Pompeio</strong></span> <span class='ocrx_word' id='word_1_51' title='bbox 1209 828 1367 872; x_wconf 86' lang='lat' dir='ltr'><strong>occisus</strong></span> <span class='ocrx_word' id='word_1_52' title='bbox 1401 829 1479 871; x_wconf 72' lang='lat' dir='ltr'><strong>est·.</strong></span> 
     </span>
     <span class='ocr_line' id='line_1_9' title="bbox 146 889 1477 949; baseline -0.003 -14"><span class='ocrx_word' id='word_1_53' title='bbox 146 894 202 949; x_wconf 78' lang='lat' dir='ltr'><strong>Q.</strong></span> <span class='ocrx_word' id='word_1_54' title='bbox 246 893 450 936; x_wconf 72' lang='lat' dir='ltr'><strong>Sertorius</strong></span> <span class='ocrx_word' id='word_1_55' title='bbox 489 891 739 947; x_wconf 87' lang='lat' dir='ltr'><strong>proscriptus</strong></span> <span class='ocrx_word' id='word_1_56' title='bbox 774 890 815 930; x_wconf 91' lang='lat' dir='ltr'><strong>in</strong></span> <span class='ocrx_word' id='word_1_57' title='bbox 853 889 1046 931; x_wconf 86' lang='lat' dir='ltr'><strong>ulteriore</strong></span> <span class='ocrx_word' id='word_1_58' title='bbox 1085 890 1284 945; x_wconf 61' lang='lat' dir='ltr'><strong>Hispania</strong></span> <span class='ocrx_word' id='word_1_59' title='bbox 1331 891 1477 947; x_wconf 79' lang='lat' dir='ltr'><strong>ingens</strong></span> 
     </span>
     <span class='ocr_line' id='line_1_10' title="bbox 137 948 1477 1004; baseline -0.002 -12"><span class='ocrx_word' id='word_1_60' title='bbox 137 951 293 992; x_wconf 90' lang='lat' dir='ltr'><strong>bellum</strong></span> <span class='ocrx_word' id='word_1_61' title='bbox 315 951 523 993; x_wconf 81' lang='lat' dir='ltr'><strong>excitavit.</strong></span> <span class='ocrx_word' id='word_1_62' title='bbox 584 951 632 991; x_wconf 91' lang='lat' dir='ltr'><strong>L.</strong></span> <span class='ocrx_word' id='word_1_63' title='bbox 657 949 841 990; x_wconf 78' lang='lat' dir='ltr'><strong>Manlius</strong></span> <span class='ocrx_word' id='word_1_64' title='bbox 861 948 1080 1004; x_wconf 89' lang='lat' dir='ltr'><strong>proconsul</strong></span> <span class='ocrx_word' id='word_1_65' title='bbox 1104 951 1143 990; x_wconf 73' lang='grc' dir='ltr'><strong>δι</strong></span> <span class='ocrx_word' id='word_1_66' title='bbox 1167 950 1234 991; x_wconf 90' lang='lat' dir='ltr'><strong>M.</strong></span> <span class='ocrx_word' id='word_1_67' title='bbox 1264 948 1477 991; x_wconf 77' lang='lat' dir='ltr'><strong>Domitius</strong></span> 
     </span>
     <span class='ocr_line' id='line_1_11' title="bbox 138 1007 1478 1066; baseline -0.002 -15"><span class='ocrx_word' id='word_1_68' title='bbox 138 1013 296 1066; x_wconf 82' lang='lat' dir='ltr'><strong>legatus</strong></span> <span class='ocrx_word' id='word_1_69' title='bbox 333 1010 382 1050; x_wconf 83' lang='lat' dir='ltr'><strong>ab</strong></span> <span class='ocrx_word' id='word_1_70' title='bbox 416 1009 637 1050; x_wconf 88' lang='lat' dir='ltr'><strong>Herculeio</strong></span> <span class='ocrx_word' id='word_1_71' title='bbox 674 1008 872 1062; x_wconf 77' lang='lat' dir='ltr'><strong>quaestore</strong></span> <span class='ocrx_word' id='word_1_72' title='bbox 909 1008 1056 1063; x_wconf 87' lang='lat' dir='ltr'><strong>proelio</strong></span> <span class='ocrx_word' id='word_1_73' title='bbox 1077 1007 1179 1049; x_wconf 66' lang='lat' dir='ltr'><strong>vieti</strong></span> <span class='ocrx_word' id='word_1_74' title='bbox 1201 1008 1306 1049; x_wconf 87' lang='lat' dir='ltr'><strong>sunt.</strong></span> <span class='ocrx_word' id='word_1_75' title='bbox 1366 1009 1478 1051; x_wconf 85' lang='lat' dir='ltr'><strong>Prae-</strong></span> 
     </span>
    </p>
   </div>
   <div class='ocr_carea' id='block_1_5' title="bbox 139 1065 1478 1171">
    <p class='ocr_par' dir='ltr' id='par_1_5' title="bbox 139 1065 1478 1171">
     <span class='ocr_line' id='line_1_12' title="bbox 139 1065 1478 1124; baseline -0.002 -14"><span class='ocrx_word' id='word_1_76' title='bbox 139 1080 249 1110; x_wconf 87' lang='lat' dir='ltr'><strong>terea</strong></span> <span class='ocrx_word' id='word_1_77' title='bbox 270 1083 333 1109; x_wconf 88' lang='lat' dir='ltr'><strong>res</strong></span> <span class='ocrx_word' id='word_1_78' title='bbox 360 1083 383 1110; x_wconf 89' lang='lat' dir='ltr'>a</span> <span class='ocrx_word' id='word_1_79' title='bbox 413 1069 459 1112; x_wconf 89' lang='lat' dir='ltr'><strong>P.</strong></span> <span class='ocrx_word' id='word_1_80' title='bbox 495 1068 667 1111; x_wconf 78' lang='lat' dir='ltr'><strong>Servilio</strong></span> <span class='ocrx_word' id='word_1_81' title='bbox 689 1067 930 1123; x_wconf 89' lang='lat' dir='ltr'><strong>proconsule</strong></span> <span class='ocrx_word' id='word_1_82' title='bbox 952 1065 1145 1110; x_wconf 74' lang='lat' dir='ltr'><strong>adversus</strong></span> <span class='ocrx_word' id='word_1_83' title='bbox 1174 1067 1324 1110; x_wconf 83' lang='lat' dir='ltr'><strong>Cilicas</strong></span> <span class='ocrx_word' id='word_1_84' title='bbox 1345 1066 1478 1124; x_wconf 80' lang='lat' dir='ltr'><strong>gestas</strong></span> 
     </span>
     <span class='ocr_line' id='line_1_13' title="bbox 139 1136 1241 1171; baseline -0.005 0"><span class='ocrx_word' id='word_1_85' title='bbox 139 1136 338 1171; x_wconf 75' lang='lat' dir='ltr'><strong>continet.</strong></span> <span class='ocrx_word' id='word_1_86' title='bbox 1238 1137 1241 1142; x_wconf 91' lang='lat'>·</span> 
     </span>
    </p>
   </div>
   <div class='ocr_carea' id='block_1_6' title="bbox 599 1244 1016 1287">
    <p class='ocr_par' dir='ltr' id='par_1_6' title="bbox 599 1244 1016 1287">
     <span class='ocr_line' id='line_1_14' title="bbox 599 1244 1016 1287; baseline 0 0"><span class='ocrx_word' id='word_1_87' title='bbox 599 1245 830 1287; x_wconf 87' lang='lat' dir='ltr'><strong>LIBRI</strong></span> <span class='ocrx_word' id='word_1_88' title='bbox 892 1244 1016 1287; x_wconf 83' lang='lat' dir='ltr'>XCI.</span> 
     </span>
    </p>
   </div>
   <div class='ocr_carea' id='block_1_7' title="bbox 144 1331 1484 1594">
    <p class='ocr_par' dir='ltr' id='par_1_7' title="bbox 144 1331 1484 1594">
     <span class='ocr_line' id='line_1_15' title="bbox 148 1331 1482 1418; baseline 0.002 -17"><span class='ocrx_word' id='word_1_89' title='bbox 148 1331 275 1408; x_wconf 84' lang='lat' dir='ltr'><strong>CN.</strong></span> <span class='ocrx_word' id='word_1_90' title='bbox 298 1360 538 1416; x_wconf 85' lang='lat' dir='ltr'><strong>Pompeius,</strong></span> <span class='ocrx_word' id='word_1_91' title='bbox 570 1375 699 1416; x_wconf 90' lang='lat' dir='ltr'><strong>quum</strong></span> <span class='ocrx_word' id='word_1_92' title='bbox 722 1359 856 1403; x_wconf 80' lang='lat' dir='ltr'><strong>adhuc</strong></span> <span class='ocrx_word' id='word_1_93' title='bbox 888 1376 1014 1417; x_wconf 86' lang='lat' dir='ltr'><strong>eques</strong></span> <span class='ocrx_word' id='word_1_94' title='bbox 1035 1361 1145 1413; x_wconf 78' lang='lat' dir='ltr'><strong>esset,</strong></span> <span class='ocrx_word' id='word_1_95' title='bbox 1176 1375 1273 1404; x_wconf 90' lang='lat' dir='ltr'><strong>cum</strong></span> <span class='ocrx_word' id='word_1_96' title='bbox 1306 1361 1482 1418; x_wconf 86' lang='lat' dir='ltr'><strong>imperio</strong></span> 
     </span>
     <span class='ocr_line' id='line_1_16' title="bbox 144 1417 1482 1464; baseline 0.001 -3"><span class='ocrx_word' id='word_1_97' title='bbox 144 1421 348 1462; x_wconf 81' lang='lat' dir='ltr'><strong>consulari</strong></span> <span class='ocrx_word' id='word_1_98' title='bbox 373 1417 564 1461; x_wconf 72' lang='lat' dir='ltr'><strong>adversus</strong></span> <span class='ocrx_word' id='word_1_99' title='bbox 595 1421 825 1461; x_wconf 82' lang='lat' dir='ltr'><strong>Sertorium</strong></span> <span class='ocrx_word' id='word_1_100' title='bbox 857 1421 995 1462; x_wconf 86' lang='lat' dir='ltr'><strong>miffus</strong></span> <span class='ocrx_word' id='word_1_101' title='bbox 1036 1421 1106 1462; x_wconf 90' lang='lat' dir='ltr'><strong>est.</strong></span> <span class='ocrx_word' id='word_1_102' title='bbox 1172 1421 1378 1464; x_wconf 80' lang='lat' dir='ltr'><strong>Sertorius</strong></span> <span class='ocrx_word' id='word_1_103' title='bbox 1407 1421 1482 1462; x_wconf 84' lang='lat' dir='ltr'><strong>ali-</strong></span> 
     </span>
     <span class='ocr_line' id='line_1_17' title="bbox 146 1479 1484 1535; baseline 0.001 -15"><span class='ocrx_word' id='word_1_104' title='bbox 146 1490 252 1534; x_wconf 88' lang='lat' dir='ltr'><strong>quot</strong></span> <span class='ocrx_word' id='word_1_105' title='bbox 273 1479 393 1521; x_wconf 89' lang='lat' dir='ltr'><strong>urbes</strong></span> <span class='ocrx_word' id='word_1_106' title='bbox 428 1479 695 1535; x_wconf 80' lang='lat' dir='ltr'><strong>expugnavit,</strong></span> <span class='ocrx_word' id='word_1_107' title='bbox 725 1479 1004 1534; x_wconf 80' lang='lat' dir='ltr'><strong>plurimasque</strong></span> <span class='ocrx_word' id='word_1_108' title='bbox 1026 1479 1210 1521; x_wconf 87' lang='lat' dir='ltr'><strong>civitates</strong></span> <span class='ocrx_word' id='word_1_109' title='bbox 1240 1479 1283 1520; x_wconf 89' lang='lat' dir='ltr'><strong>in</strong></span> <span class='ocrx_word' id='word_1_110' title='bbox 1305 1480 1484 1535; x_wconf 80' lang='lat' dir='ltr'><strong>potesta-</strong></span> 
     </span>
     <span class='ocr_line' id='line_1_18' title="bbox 148 1537 1481 1594; baseline 0.001 -15"><span class='ocrx_word' id='word_1_111' title='bbox 148 1550 233 1579; x_wconf 90' lang='lat' dir='ltr'><strong>tem</strong></span> <span class='ocrx_word' id='word_1_112' title='bbox 274 1538 387 1579; x_wconf 83' lang='lat' dir='ltr'><strong>suam</strong></span> <span class='ocrx_word' id='word_1_113' title='bbox 430 1537 599 1593; x_wconf 84' lang='lat' dir='ltr'><strong>redegit.</strong></span> <span class='ocrx_word' id='word_1_114' title='bbox 663 1541 746 1592; x_wconf 84' lang='lat' dir='ltr'><strong>Ap.</strong></span> <span class='ocrx_word' id='word_1_115' title='bbox 791 1537 988 1580; x_wconf 82' lang='lat' dir='ltr'><strong>Claudius</strong></span> <span class='ocrx_word' id='word_1_116' title='bbox 1039 1538 1257 1594; x_wconf 90' lang='lat' dir='ltr'><strong>proconsul</strong></span> <span class='ocrx_word' id='word_1_117' title='bbox 1297 1539 1481 1580; x_wconf 78' lang='lat' dir='ltr'><strong>Thracas</strong></span> 
     </span>
    </p>
   </div>
   <div class='ocr_carea' id='block_1_8' title="bbox 141 1596 1482 1711">
    <p class='ocr_par' dir='ltr' id='par_1_8' title="bbox 141 1596 1482 1711">
     <span class='ocr_line' id='line_1_19' title="bbox 141 1596 1482 1653; baseline 0.002 -15"><span class='ocrx_word' id='word_1_118' title='bbox 141 1596 331 1653; x_wconf 87' lang='lat' dir='ltr'><strong>pluribus</strong></span> <span class='ocrx_word' id='word_1_119' title='bbox 353 1597 509 1653; x_wconf 85' lang='lat' dir='ltr'><strong>proeliis</strong></span> <span class='ocrx_word' id='word_1_120' title='bbox 532 1596 642 1638; x_wconf 89' lang='lat' dir='ltr'><strong>vicit.</strong></span> <span class='ocrx_word' id='word_1_121' title='bbox 707 1597 763 1643; x_wconf 90' lang='lat' dir='ltr'><strong>Q.</strong></span> <span class='ocrx_word' id='word_1_122' title='bbox 809 1598 1008 1639; x_wconf 88' lang='lat' dir='ltr'><strong>Metellus</strong></span> <span class='ocrx_word' id='word_1_123' title='bbox 1049 1598 1265 1652; x_wconf 90' lang='lat' dir='ltr'><strong>proconsul</strong></span> <span class='ocrx_word' id='word_1_124' title='bbox 1288 1598 1338 1639; x_wconf 91' lang='lat' dir='ltr'><strong>L.</strong></span> <span class='ocrx_word' id='word_1_125' title='bbox 1371 1599 1482 1642; x_wconf 82' lang='lat' dir='ltr'><strong>Her-</strong></span> 
     </span>
     <span class='ocr_line' id='line_1_20' title="bbox 143 1655 1363 1711; baseline 0.002 -13"><span class='ocrx_word' id='word_1_126' title='bbox 143 1657 341 1707; x_wconf 75' lang='lat' dir='ltr'><strong>euleium,</strong></span> <span class='ocrx_word' id='word_1_127' title='bbox 374 1655 618 1711; x_wconf 77' lang='lat' dir='ltr'><strong>quaestorem</strong></span> <span class='ocrx_word' id='word_1_128' title='bbox 642 1655 832 1707; x_wconf 81' lang='lat' dir='ltr'><strong>Sertorii,</strong></span> <span class='ocrx_word' id='word_1_129' title='bbox 863 1670 960 1697; x_wconf 90' lang='lat' dir='ltr'><strong>cum</strong></span> <span class='ocrx_word' id='word_1_130' title='bbox 978 1656 1162 1699; x_wconf 85' lang='lat' dir='ltr'><strong>exercitu</strong></span> <span class='ocrx_word' id='word_1_131' title='bbox 1196 1655 1363 1700; x_wconf 76' lang='lat' dir='ltr'><strong>cecidit.</strong></span> 
     </span>
    </p>
   </div>
   <div class='ocr_carea' id='block_1_9' title="bbox 566 1796 1012 1840">
    <p class='ocr_par' dir='ltr' id='par_1_9' title="bbox 566 1796 1012 1840">
     <span class='ocr_line' id='line_1_21' title="bbox 566 1796 1012 1840; baseline -0.002 -1"><span class='ocrx_word' id='word_1_132' title='bbox 566 1797 800 1839; x_wconf 89' lang='lat' dir='ltr'>LIBRI</span> <span class='ocrx_word' id='word_1_133' title='bbox 861 1796 1012 1840; x_wconf 86' lang='lat' dir='ltr'>XCII.</span> 
     </span>
    </p>
   </div>
   <div class='ocr_carea' id='block_1_10' title="bbox 148 1883 1492 2500">
    <p class='ocr_par' dir='ltr' id='par_1_10' title="bbox 148 1883 1492 2500">
     <span class='ocr_line' id='line_1_22' title="bbox 151 1883 1488 1971; baseline -0.002 -12"><span class='ocrx_word' id='word_1_134' title='bbox 151 1883 280 1959; x_wconf 80' lang='lat' dir='ltr'><strong>CN.</strong></span> <span class='ocrx_word' id='word_1_135' title='bbox 299 1913 524 1969; x_wconf 89' lang='lat' dir='ltr'><strong>Pompeius</strong></span> <span class='ocrx_word' id='word_1_136' title='bbox 545 1913 671 1955; x_wconf 86' lang='lat' dir='ltr'><strong>dubio</strong></span> <span class='ocrx_word' id='word_1_137' title='bbox 692 1922 843 1955; x_wconf 87' lang='lat' dir='ltr'><strong>eventu</strong></span> <span class='ocrx_word' id='word_1_138' title='bbox 870 1929 967 1956; x_wconf 89' lang='lat' dir='ltr'><strong>cum</strong></span> <span class='ocrx_word' id='word_1_139' title='bbox 992 1913 1175 1958; x_wconf 84' lang='lat' dir='ltr'><strong>Sertorio</strong></span> <span class='ocrx_word' id='word_1_140' title='bbox 1196 1914 1409 1971; x_wconf 86' lang='lat' dir='ltr'><strong>pugnavit,</strong></span> <span class='ocrx_word' id='word_1_141' title='bbox 1431 1914 1488 1956; x_wconf 84' lang='lat' dir='ltr'><strong>ita</strong></span> 
     </span>
     <span class='ocr_line' id='line_1_23' title="bbox 148 1973 1489 2029; baseline 0.004 -19"><span class='ocrx_word' id='word_1_142' title='bbox 148 1980 194 2010; x_wconf 90' lang='lat' dir='ltr'><strong>ut</strong></span> <span class='ocrx_word' id='word_1_143' title='bbox 222 1973 375 2028; x_wconf 79' lang='lat' dir='ltr'><strong>lingula</strong></span> <span class='ocrx_word' id='word_1_144' title='bbox 392 1987 441 2014; x_wconf 85' lang='lat' dir='ltr'><strong>ex</strong></span> <span class='ocrx_word' id='word_1_145' title='bbox 458 1974 632 2029; x_wconf 70' lang='lat' dir='ltr'><strong>utrfique</strong></span> <span class='ocrx_word' id='word_1_146' title='bbox 654 1984 767 2028; x_wconf 84' lang='lat' dir='ltr'><strong>parte</strong></span> <span class='ocrx_word' id='word_1_147' title='bbox 788 1988 943 2016; x_wconf 85' lang='lat' dir='ltr'><strong>cornua</strong></span> <span class='ocrx_word' id='word_1_148' title='bbox 964 1973 1149 2016; x_wconf 87' lang='lat' dir='ltr'><strong>vicerint.</strong></span> <span class='ocrx_word' id='word_1_149' title='bbox 1212 1973 1268 2029; x_wconf 80' lang='lat' dir='ltr'><strong>Q.</strong></span> <span class='ocrx_word' id='word_1_150' title='bbox 1289 1974 1489 2016; x_wconf 83' lang='lat' dir='ltr'><strong>Metellus</strong></span> 
     </span>
     <span class='ocr_line' id='line_1_24' title="bbox 148 2029 1489 2088; baseline 0.004 -19"><span class='ocrx_word' id='word_1_151' title='bbox 148 2029 375 2073; x_wconf 89' lang='lat' dir='ltr'><strong>Sertorium</strong></span> <span class='ocrx_word' id='word_1_152' title='bbox 399 2035 440 2073; x_wconf 71' lang='grc' dir='ltr'><strong>δι</strong></span> <span class='ocrx_word' id='word_1_153' title='bbox 462 2032 711 2087; x_wconf 83' lang='lat' dir='ltr'><strong>Perpernam</strong></span> <span class='ocrx_word' id='word_1_154' title='bbox 749 2047 843 2073; x_wconf 91' lang='lat' dir='ltr'><strong>cum</strong></span> <span class='ocrx_word' id='word_1_155' title='bbox 866 2033 1027 2075; x_wconf 90' lang='lat' dir='ltr'><strong>duobus</strong></span> <span class='ocrx_word' id='word_1_156' title='bbox 1062 2032 1311 2074; x_wconf 86' lang='lat' dir='ltr'><strong>exercitibus</strong></span> <span class='ocrx_word' id='word_1_157' title='bbox 1340 2034 1489 2088; x_wconf 85' lang='lat' dir='ltr'><strong>proelio</strong></span> 
     </span>
     <span class='ocr_line' id='line_1_25' title="bbox 152 2087 1489 2148; baseline 0.004 -21"><span class='ocrx_word' id='word_1_158' title='bbox 152 2087 261 2131; x_wconf 85' lang='lat' dir='ltr'><strong>fudit</strong></span> <span class='ocrx_word' id='word_1_159' title='bbox 280 2105 289 2130; x_wconf 93' lang='lat'>:</span> <span class='ocrx_word' id='word_1_160' title='bbox 320 2091 439 2147; x_wconf 88' lang='lat' dir='ltr'><strong>cujus</strong></span> <span class='ocrx_word' id='word_1_161' title='bbox 470 2091 650 2132; x_wconf 65' lang='lat' dir='ltr'><strong>viftoriae</strong></span> <span class='ocrx_word' id='word_1_162' title='bbox 669 2101 825 2146; x_wconf 84' lang='lat' dir='ltr'><strong>partem</strong></span> <span class='ocrx_word' id='word_1_163' title='bbox 843 2092 1014 2147; x_wconf 89' lang='lat' dir='ltr'><strong>cupiens</strong></span> <span class='ocrx_word' id='word_1_164' title='bbox 1035 2091 1142 2133; x_wconf 85' lang='lat' dir='ltr'><strong>ferre</strong></span> <span class='ocrx_word' id='word_1_165' title='bbox 1158 2091 1382 2146; x_wconf 84' lang='lat' dir='ltr'><strong>Pompeius</strong></span> <span class='ocrx_word' id='word_1_166' title='bbox 1396 2107 1489 2148; x_wconf 85' lang='lat' dir='ltr'><strong>par-</strong></span> 
     </span>
     <span class='ocr_line' id='line_1_26' title="bbox 153 2149 1490 2205; baseline 0.004 -18"><span class='ocrx_word' id='word_1_167' title='bbox 153 2160 225 2188; x_wconf 92' lang='lat' dir='ltr'><strong>um</strong></span> <span class='ocrx_word' id='word_1_168' title='bbox 264 2149 453 2204; x_wconf 85' lang='lat' dir='ltr'><strong>prospere</strong></span> <span class='ocrx_word' id='word_1_169' title='bbox 497 2151 708 2205; x_wconf 80' lang='lat' dir='ltr'><strong>pugnavit.</strong></span> <span class='ocrx_word' id='word_1_170' title='bbox 761 2149 935 2192; x_wconf 87' lang='lat' dir='ltr'><strong>obseffus</strong></span> <span class='ocrx_word' id='word_1_171' title='bbox 966 2151 1116 2192; x_wconf 90' lang='lat' dir='ltr'><strong>deinde</strong></span> <span class='ocrx_word' id='word_1_172' title='bbox 1149 2151 1314 2192; x_wconf 86' lang='lat' dir='ltr'><strong>Cluniae</strong></span> <span class='ocrx_word' id='word_1_173' title='bbox 1351 2153 1490 2194; x_wconf 84' lang='lat' dir='ltr'><strong>Serto-</strong></span> 
     </span>
     <span class='ocr_line' id='line_1_27' title="bbox 150 2207 1490 2264; baseline 0.004 -18"><span class='ocrx_word' id='word_1_174' title='bbox 150 2207 254 2260; x_wconf 85' lang='lat' dir='ltr'><strong>rius,</strong></span> <span class='ocrx_word' id='word_1_175' title='bbox 286 2208 446 2250; x_wconf 86' lang='lat' dir='ltr'><strong>assiduis</strong></span> <span class='ocrx_word' id='word_1_176' title='bbox 467 2208 750 2264; x_wconf 85' lang='lat' dir='ltr'><strong>eruptionibus</strong></span> <span class='ocrx_word' id='word_1_177' title='bbox 772 2223 855 2249; x_wconf 91' lang='lat' dir='ltr'><strong>non</strong></span> <span class='ocrx_word' id='word_1_178' title='bbox 872 2210 1022 2251; x_wconf 89' lang='lat' dir='ltr'><strong>leviora</strong></span> <span class='ocrx_word' id='word_1_179' title='bbox 1044 2211 1194 2251; x_wconf 81' lang='lat' dir='ltr'><strong>damna</strong></span> <span class='ocrx_word' id='word_1_180' title='bbox 1214 2209 1490 2251; x_wconf 80' lang='lat' dir='ltr'><strong>obsidentibus</strong></span> 
     </span>
     <span class='ocr_line' id='line_1_28' title="bbox 151 2265 1490 2324; baseline 0.002 -19"><span class='ocrx_word' id='word_1_181' title='bbox 151 2265 306 2308; x_wconf 84' lang='lat' dir='ltr'><strong>intulit.</strong></span> <span class='ocrx_word' id='word_1_182' title='bbox 366 2269 566 2309; x_wconf 86' lang='lat' dir='ltr'><strong>Praeterea</strong></span> <span class='ocrx_word' id='word_1_183' title='bbox 595 2268 644 2308; x_wconf 88' lang='lat' dir='ltr'><strong>ab</strong></span> <span class='ocrx_word' id='word_1_184' title='bbox 678 2268 865 2310; x_wconf 87' lang='lat' dir='ltr'><strong>Curione</strong></span> <span class='ocrx_word' id='word_1_185' title='bbox 903 2269 1144 2324; x_wconf 86' lang='lat' dir='ltr'><strong>proconsule</strong></span> <span class='ocrx_word' id='word_1_186' title='bbox 1167 2269 1210 2309; x_wconf 90' lang='lat' dir='ltr'><strong>in</strong></span> <span class='ocrx_word' id='word_1_187' title='bbox 1231 2269 1407 2310; x_wconf 59' lang='lat' dir='ltr'><strong>Thraci&amp;</strong></span> <span class='ocrx_word' id='word_1_188' title='bbox 1427 2283 1490 2309; x_wconf 81' lang='lat' dir='ltr'><strong>res</strong></span> 
     </span>
     <span class='ocr_line' id='line_1_29' title="bbox 151 2324 1492 2387; baseline 0.001 -22"><span class='ocrx_word' id='word_1_189' title='bbox 151 2325 284 2378; x_wconf 83' lang='lat' dir='ltr'><strong>gestas</strong></span> <span class='ocrx_word' id='word_1_190' title='bbox 304 2324 496 2367; x_wconf 68' lang='lat' dir='ltr'><strong>adversus</strong></span> <span class='ocrx_word' id='word_1_191' title='bbox 533 2327 765 2376; x_wconf 81' lang='lat' dir='ltr'><strong>Dardanos,</strong></span> <span class='ocrx_word' id='word_1_192' title='bbox 800 2331 837 2369; x_wconf 66' lang='grc' dir='ltr'><strong>δι</strong></span> <span class='ocrx_word' id='word_1_193' title='bbox 874 2328 1128 2387; x_wconf 75' lang='lat' dir='ltr'><strong>QSertorii</strong></span> <span class='ocrx_word' id='word_1_194' title='bbox 1155 2328 1284 2368; x_wconf 90' lang='lat' dir='ltr'><strong>multa</strong></span> <span class='ocrx_word' id='word_1_195' title='bbox 1311 2328 1492 2369; x_wconf 87' lang='lat' dir='ltr'><strong>crudelia</strong></span> 
     </span>
     <span class='ocr_line' id='line_1_30' title="bbox 153 2382 1491 2441; baseline 0.004 -19"><span class='ocrx_word' id='word_1_196' title='bbox 153 2382 196 2422; x_wconf 85' lang='lat' dir='ltr'><strong>in</strong></span> <span class='ocrx_word' id='word_1_197' title='bbox 224 2383 316 2426; x_wconf 88' lang='lat' dir='ltr'><strong>suos</strong></span> <span class='ocrx_word' id='word_1_198' title='bbox 337 2384 448 2426; x_wconf 65' lang='lat' dir='ltr'><strong>faeta</strong></span> <span class='ocrx_word' id='word_1_199' title='bbox 469 2386 679 2435; x_wconf 83' lang='lat' dir='ltr'><strong>continet;</strong></span> <span class='ocrx_word' id='word_1_200' title='bbox 712 2386 783 2440; x_wconf 89' lang='lat' dir='ltr'><strong>qui</strong></span> <span class='ocrx_word' id='word_1_201' title='bbox 805 2387 1004 2441; x_wconf 85' lang='lat' dir='ltr'><strong>plurimos</strong></span> <span class='ocrx_word' id='word_1_202' title='bbox 1026 2401 1079 2428; x_wconf 87' lang='lat' dir='ltr'><strong>ex</strong></span> <span class='ocrx_word' id='word_1_203' title='bbox 1100 2386 1242 2427; x_wconf 81' lang='lat' dir='ltr'><strong>amicis</strong></span> <span class='ocrx_word' id='word_1_204' title='bbox 1281 2388 1319 2427; x_wconf 71' lang='grc' dir='ltr'><strong>ὅτ</strong></span> <span class='ocrx_word' id='word_1_205' title='bbox 1353 2386 1491 2427; x_wconf 88' lang='lat' dir='ltr'><strong>secum</strong></span> 
     </span>
     <span class='ocr_line' id='line_1_31' title="bbox 159 2443 1360 2500; baseline 0.004 -18"><span class='ocrx_word' id='word_1_206' title='bbox 159 2443 411 2499; x_wconf 84' lang='lat' dir='ltr'><strong>proscriptis,</strong></span> <span class='ocrx_word' id='word_1_207' title='bbox 442 2444 612 2485; x_wconf 86' lang='lat' dir='ltr'><strong>crimine</strong></span> <span class='ocrx_word' id='word_1_208' title='bbox 634 2444 875 2500; x_wconf 82' lang='lat' dir='ltr'><strong>proditionis</strong></span> <span class='ocrx_word' id='word_1_209' title='bbox 897 2445 1163 2496; x_wconf 78' lang='lat' dir='ltr'><strong>insimulatos,</strong></span> <span class='ocrx_word' id='word_1_210' title='bbox 1194 2444 1360 2487; x_wconf 89' lang='lat' dir='ltr'><strong>occidit.</strong></span> 
     </span>
    </p>
   </div>
   <div class='ocr_carea' id='block_1_11' title="bbox 597 2576 1065 2620">
    <p class='ocr_par' dir='ltr' id='par_1_11' title="bbox 597 2576 1065 2620">
     <span class='ocr_line' id='line_1_32' title="bbox 597 2576 1065 2620; baseline -0.002 0"><span class='ocrx_word' id='word_1_211' title='bbox 597 2576 831 2620; x_wconf 88' lang='lat' dir='ltr'>LIBRI</span> <span class='ocrx_word' id='word_1_212' title='bbox 893 2577 1065 2620; x_wconf 83' lang='lat' dir='ltr'>XCIII.</span> 
     </span>
    </p>
   </div>
   <div class='ocr_carea' id='block_1_12' title="bbox 160 2667 1500 2856">
    <p class='ocr_par' dir='ltr' id='par_1_12' title="bbox 160 2667 1500 2856">
     <span class='ocr_line' id='line_1_33' title="bbox 161 2667 1496 2750; baseline -0.002 -15"><span class='ocrx_word' id='word_1_213' title='bbox 161 2667 261 2743; x_wconf 80' lang='lat' dir='ltr'><strong>P·</strong></span> <span class='ocrx_word' id='word_1_214' title='bbox 292 2694 488 2739; x_wconf 88' lang='lat' dir='ltr'><strong>Servilius</strong></span> <span class='ocrx_word' id='word_1_215' title='bbox 508 2694 725 2750; x_wconf 88' lang='lat' dir='ltr'><strong>proconsul</strong></span> <span class='ocrx_word' id='word_1_216' title='bbox 746 2692 789 2733; x_wconf 93' lang='lat' dir='ltr'><strong>in</strong></span> <span class='ocrx_word' id='word_1_217' title='bbox 812 2692 956 2734; x_wconf 68' lang='lat' dir='ltr'><strong>Cilicia</strong></span> <span class='ocrx_word' id='word_1_218' title='bbox 972 2693 1132 2736; x_wconf 86' lang='lat' dir='ltr'><strong>Isauros</strong></span> <span class='ocrx_word' id='word_1_219' title='bbox 1155 2694 1330 2747; x_wconf 84' lang='lat' dir='ltr'><strong>domuit,</strong></span> <span class='ocrx_word' id='word_1_220' title='bbox 1364 2698 1405 2739; x_wconf 83' lang='lat'>&amp;</span> <span class='ocrx_word' id='word_1_221' title='bbox 1424 2697 1496 2740; x_wconf 86' lang='lat' dir='ltr'><strong>ali-</strong></span> 
     </span>
     <span class='ocr_line' id='line_1_34' title="bbox 160 2753 1500 2822; baseline 0.004 -26"><span class='ocrx_word' id='word_1_222' title='bbox 160 2764 265 2811; x_wconf 74' lang='lat' dir='ltr'><strong>quot</strong></span> <span class='ocrx_word' id='word_1_223' title='bbox 303 2753 424 2798; x_wconf 82' lang='lat' dir='ltr'><strong>urbes</strong></span> <span class='ocrx_word' id='word_1_224' title='bbox 464 2754 691 2815; x_wconf 82' lang='lat' dir='ltr'><strong>piratarum</strong></span> <span class='ocrx_word' id='word_1_225' title='bbox 723 2753 990 2809; x_wconf 76' lang='lat' dir='ltr'><strong>expugnavit.</strong></span> <span class='ocrx_word' id='word_1_226' title='bbox 1052 2754 1321 2811; x_wconf 76' lang='lat' dir='ltr'><strong>Nicomedes,</strong></span> <span class='ocrx_word' id='word_1_227' title='bbox 1354 2755 1500 2822; x_wconf 39' lang='lat' dir='ltr'><strong>Bith-y-</strong></span> 
     </span>
     <span class='ocr_line' id='line_1_35' title="bbox 1418 2828 1497 2856; baseline 0.025 -2"><span class='ocrx_word' id='word_1_228' title='bbox 1418 2828 1497 2856; x_wconf 62' lang='grc' dir='ltr'><strong>ωε</strong></span> 
     </span>
    </p>
   </div>
   <div class='ocr_carea' id='block_1_13' title="bbox 1610 230 1690 280">
    <p class='ocr_par' dir='ltr' id='par_1_13' title="bbox 1610 230 1690 280">
     <span class='ocr_line' id='line_1_36' title="bbox 1610 230 1690 280; baseline -0.013 -11"><span class='ocrx_word' id='word_1_229' title='bbox 1610 230 1690 280; x_wconf 78' lang='lat'><strong>285</strong></span> 
     </span>
    </p>
   </div>
  </div>
 </body>
</html>
