1794 3121
601 189 1036 235 INDEX.
1459 204 1540 248 529

139 320 189 360 de
211 333 259 360 eo
282 317 508 374 triumphat
532 319 749 376 Quintius,

83 378 236 418 xxxiv.
264 392 334 434 52.
370 379 627 428 Demetrius,
659 379 749 434 ejus

86 436 210 488 filius,
233 437 348 479 obses
370 447 464 477 ante
487 450 654 479 currum
674 437 748 479 tri-

80 494 319 550 umphantis
340 495 508 546 duftus,
523 496 612 537 ibid.

138 567 234 594 eum
266 556 318 596 ad
355 554 510 596 bellum
547 568 748 597 renovan-

79 612 180 654 dum
222 613 397 656 incitant
430 615 578 665 AE-toli,
615 627 746 658 xxxv.

87 683 155 712 12.

134 731 289 787 legatos
306 733 485 774 Romam
500 730 640 780 mittit,
654 729 744 785 pol-

74 786 250 832 licentes
269 791 473 834 Romanis
510 789 670 833 auxilia
691 789 742 829 ad

76 845 230 890 bellum
249 850 441 892 adversus
462 848 744 899 Antiochum,

78 909 234 952 xxxvi.
271 921 314 958 4.
363 923 493 965 quum
531 908 745 949 fortunam

74 963 275 1021 speculari
307 968 349 1008 in
385 968 527 1009 animo
560 966 745 1018 haberet,

75 1025 256 1072 offensus
276 1025 326 1067 ab
347 1027 576 1076 Antioche,
599 1026 746 1082 sejun-

72 1084 135 1140 git
156 1085 375 1136 Roma-nis,
409 1091 449 1128 8.
472 1085 746 1141 proficiscitur

75 1144 116 1184 in
173 1144 439 1195 Thessaliam,
505 1159 572 1201 ¹3·
632 1144 745 1198 capit

73 1203 273 1258 quasdam
314 1203 453 1256 urbes,
475 1205 564 1246 ibid.
606 1203 741 1244 Atha-

76 1263 210 1303 mania
231 1262 401 1317 potitur,
425 1277 489 1317 14·
508 1263 558 1304 ab
577 1277 741 1318 ‚oppug-

73 1321 240 1364 natione
282 1321 438 1363 Lamiae
475 1323 595 1378 jubet
643 1336 741 1362 eum

72 1378 283 1424 discedere
344 1380 531 1432 Acilius,
576 1380 738 1431 consul,

76 1453 96 1480 ·2
106 1452 148 1494 5.
196 1440 427 1482 Demetrias
483 1439 521 1484 se
547 1440 741 1495 Philippo

68 1498 198 1549 dedit,
217 1510 288 1554 33.

129 1558 332 1599 exercitui
388 1557 597 1608 Romano,
665 1570 739 1611 per

72 1614 176 1657 fines
199 1617 290 1658 suos
312 1615 556 1669 transeunti,
597 1615 737 1656 omnia

69 1685 202 1730 parat,
223 1674 392 1718 xxxvii.
417 1689 456 1727 7.

124 1735 214 1791 ejus
251 1734 434 1790 praefidia
471 1734 737 1789 expelluntur

63 1793 331 1843 Athamania,
346 1795 519 1835 xxxviii.
545 1794 736 1847 1.i1:gre-

67 1853 180 1894 ditur
200 1867 296 1894 cum
318 1854 508 1907 exercitu
533 1853 736 1892 Athama-

70 1912 200 1963 niam,
218 1926 257 1954 2.
278 1912 508 1966 repellitur,
525 1912 614 1955 ibid.

120 1972 261 2013 caufl'ae
291 1970 442 2011 irarum
466 1972 554 2026 ejus
577 1971 618 2010 in
645 1970 734 2010 llo-

69 2043 232 2080 manos,
270 2029 422 2069 xxxix.
467 2043 536 2083 23.
575 2028 734 2084 colligit

68 2087 189 2140 vires,
206 2100 275 2139 24.
298 2090 350 2129 de
371 2102 420 2129 eo
444 2088 733 2130 Thessalorum

68 2147 326 2203 aliorumque
348 2149 545 2201 querelae‚
561 2148 651 2192 ibid.
673 2148 732 2187 le.

68 2205 153 2263 gati
175 2209 309 2249 Roma
327 2206 429 2250 miffi
456 2208 505 2248 ad
534 2223 601 2251 eas
628 2221 731 2251 con-

68 2267 278 2316 troyerfias
300 2264 596 2321 disceptandas,
639 2267 729 2308 ibid.

71 2325 286 2381 Philippus
313 2324 530 2380 respondet
553 2326 732 2385 querelis

67 2385 370 2433 Thessalorum,
387 2386 457 2425 26.
475 2386 563 2441 ejus
580 2385 724 2436 minax

62 2443 241 2493 dic'him,
265 2442 354 2483 ibid.
378 2444 593 2499 respondet
634 2444 728 2486 Ma-

64 2503 288 2543 ronitarum
316 2504 353 2543 8<
380 2502 575 2544 Eumenis
618 2504 727 2559 lega-

66 2562 135 2613 tis,
160 2567 226 2604 28.
246 2562 505 2620 animusejus
528 2562 726 2605 alienatus

64 2621 113 2661 ab
149 2621 361 2670 Romani,
396 2622 476 2663 ibid
494 2621 727 2664 Maronitas

62 2681 281 2733 crudeliter
328 2681 523 2736 trucidat,
567 2695 637 2737 34.
677 2683 726 2721 ad

868 316 1082 371 purganda
1108 315 1282 358 crimina
1299 314 1426 356 mittit
1449 316 1535 359 De-

865 375 1081 424 metrium,
1132 377 1333 416 minorem
1387 374 1535 423 filium,

867 434 1068 482 Romam,
1087 448 1108 488 3
1116 446 1157 488 5.
1177 433 1361 475 sollicitat
1376 435 1536 476 accolas

802 518 806 527 ›
864 492 957 533 *lstri
1001 491 1202 542 fluminis,
1228 504 1274 533 ut
1309 492 1351 532 in
1373 493 1537 536 Italiam

867 551 1118 606 irrumpant,
1158 552 1249 591 ibid.
1294 552 1533 594 Demetrius

867 620 1025 666 patrem
1040 609 1243 662 defendit,
1261 621 1334 665 47.

921 670 1176 711 Macedonas
1195 682 1216 710 e
1240 667 1457 711 maritimis
1476 668 1533 710 ci-

862 727 1058 769 vitatibus
1095 728 1136 767 in
1158 727 1370 770 Paeoniam
1393 727 1535 767 tradu—

855 787 932 840 cit,
956 790 995 829 δε
1021 786 1142 829 urbes
1167 786 1400 829 Thracibus
1428 785 1535 826 aliis-

862 861 942 902 que
971 845 1152 888 barbaris
1192 847 1314 887 tradit
1346 844 1535 887 habitan-

859 907 952 951 das,
993 907 1056 946 xl.
1088 918 1129 961 3.
1162 905 1252 961 ejus
1294 903 1532 953 crudelitas,

864 965 954 1006 ibid.
980 967 1018 1007 ἅτ
1040 980 1083 1018 4,.
1120 964 1157 1007 ei
1194 965 1435 1006 Demetrius
1468 962 1526 1003 est

865 1024 1091 1079 suspefius,
1115 1038 1155 1079 5.
1176 1023 1345 1065 Perseus
1367 1021 1530 1064 accusat

864 1083 1126 1124 Demetrium
1142 1083 1251 1137 apud
1273 1082 1530 1138 Philippum,

867 1147 909 1185 8.
931 1143 1020 1199 ejus
1045 1143 1095 1184 ad
1120 1142 1226 1183 filios
1259 1140 1352 1184 suos
1379 1139 1528 1189 oratio,

862 1201 954 1243 ibid.
1008 1202 1097 1258 ejus
1134 1201 1211 1242 iter
1250 1202 1301 1242 ad
1351 1203 1529 1244 AEmum

859 1270 1061 1312 montem,
1093 1275 1159 1303 21.
1199 1260 1301 1301 duas
1329 1274 1417 1302 aras
1438 1259 1532 1314 Jovi

863 1324 901 1362 &
921 1319 1006 1361 Soli
1025 1320 1249 1367 consecrat,
1274 1331 1342 1360 22.
1376 1320 1532 1360 Deme-

861 1381 987 1420 trium
1004 1376 1181 1420 interfici
1199 1377 1335 1435 jubet,
1369 1392 1440 1432 24.
1462 1379 1529 1420 in·

860 1437 1094 1480 nocentiam
1111 1436 1315 1479 Demetrii
1329 1435 1528 1492 agnoscit,

862 1509 933 1553 54.
953 1507 1025 1551 55.
1042 1510 1216 1552 regnum
1236 1495 1449 1552 Antigono
1463 1511 1529 1547 re..—‚

859 1557 1045 1611 linquere
1063 1554 1195 1610 cupit,
1230 1561 1300 1607 56.
1332 1555 1528 1606 moritur,

855 1617 946 1656 ibid.

799 1672 1034 1732 Philippus,
1058 1675 1167 1719 filius
1188 1673 1417 1718 Alexandri
1431 1673 1527 1714 Me-

856 1735 1141 1790 galopolitani,
1178 1747 1326 1773 xxxv.
1373 1746 1445 1787 47.
1499 1747 1522 1773 a

858 1793 1068 1849 J‘hilippo,
1106 1809 1199 1850 rege
1223 1793 1522 1841 Macedonum,

851 1855 902 1893 ad
925 1853 1149 1894 ludibrium
1181 1853 1308 1894 frater
1340 1852 1523 1906 appella-

854 1922 937 1961 tur,
969 1913 1120 1954 xxxvi.
1159 1927 1224 1965 14.
1267 1912 1308 1958 in
1343 1911 1521 1953 vinculis

854 1971 1032 2014 Romam
1070 1972 1260 2023 mittitur,
1289 1970 1379 2022 ibid.
1416 1984 1520 2025 prae-

851 2028 987 2071 feEtus
1010 2030 1142 2072 fuerat
1164 2030 1382 2088 Zacyntho
1409 2030 1519 2071 insu-

850 2089 915 2140 lae,
939 2101 1007 2144 31.

792 2147 1007 2204 Philippus
1036 2148 1210 2199 Poenus,
1243 2148 1424 2198 scortum
1463 2149 1514 2190 L.

852 2208 1033 2264 Quintii,
1052 2211 1217 2249 xxxix,
1239 2222 1310 2261 42.

789 2265 1022 2324 Philippus,
1048 2280 1190 2310 natura
1212 2268 1353 2316 frater,
1388 2267 1515 2323 adop-

850 2327 960 2369 tione
993 2327 1101 2369 filius
1141 2327 1288 2377 Persei,
1313 2325 1405 2368 xlii.
1442 2338 1512 2378 52.

848 2386 949 2428 xliv.
974 2398 1044 2438 45.
1065 2387 1320 2443 Philippum,
1350 2384 1512 2441 seseque

847 2444 1027 2490 Οᾶεινίο
1051 2447 1170 2488 tradit
1204 2444 1391 2494 Perseus,
1423 2447 1511 2487 xlv.

847 2512 887 2549 6.
904 2505 1070 2546 ducitur
1090 2515 1183 2547 ante
1205 2518 1372 2546 currum
1392 2505 1515 2546 Paul-

845 2567 873 2606 li
891 2564 1198 2621 triumphaantis,
1223 2578 1293 2621 39¹

846 2625 897 2667 M
919 2637 962 2665 m
1291 2622 1517 2682 ‚Philippus
