1794 3121
679 148 1117 205 innssx'.

184 289 312 340 cium,
352 284 656 330 Celtiberorum
698 287 851 343 princi-

181 364 293 406 pem,
313 362 380 403 50.
415 347 465 388 ad
483 348 648 399 milites,
698 347 847 388 xxviii.

185 423 253 464 27.
281 419 349 464 32.
372 407 415 447 in
445 406 582 448 senatu
605 405 852 462 responden-

178 469 232 511 tis
256 466 396 518 Fabio,
419 480 488 520 43.
512 467 562 507 ad
587 465 848 518 Matinifl‘am,

181 539 357 578 xxx.14.
377 526 428 565 ad
452 523 847 581 Annibalem,31.ad

181 587 337 641 legatos
354 583 567 635 Antiochi,
589 585 751 627 xxxvii.
775 591 845 641 36.

183 645 238 688 ἰῶ*
285 658 360 698 45.
423 645 474 685 ad
522 647 726 701 populum
773 643 848 694 rei,

182 717 358 745 xxxvm.
385 714 452 754 51.

263 762 310 804 P.
333 762 517 806 Cornelii
535 761 741 818 Scipionis
762 761 851 804 Na-

182 823 286 872 ficae,
304 822 490 863 xxxviii.
513 825 583 877 58.

257 882 302 925 P.
322 880 460 931 Decii,
482 879 635 922 tribuni
653 880 849 935 militum,

178 941 228 982 ad
245 941 410 991 milites,
427 940 495 982 vii.
519 948 544 994 3
550 954 588 996 5.
807 994 810 997 ¹

253 999 301 1041 Ρ.
322 998 445 1040 Decii
467 1014 541 1055 pro
564 1001 669 1056 lege,
716 999 767 1041 de
789 999 850 1042 sa-

176 1058 369 1100 cerdotiis
389 1073 486 1100 cum
515 1058 634 1114 plebe
656 1072 848 1100 commu..

175 1117 378 1169 nicandis,
398 1134 442 1160 x.
469 1133 505 1176 7.
538 1120 589 1160 de
610 1118 848 1173 provinciis,

177 1191 249 1229 24.

117 1258 231 1268 —--
251 1234 303 1276 C.
330 1233 510 1277 Decimii
552 1235 603 1277 ad
644 1235 847 1291 Rhodios,

175 1296 258 1336 xlv.
284 1308 299 1335 1
315 1311 350 1338 1.

115 1372 230 1389 -—
250 1353 469 1404 Demetrii,
494 1355 555 1395 xl.
583 1368 646 1398 12.

261 1412 460 1454 Eumenis
523 1416 573 1456 ad
624 1414 844 1457 AEmilium

175 1473 409 1530 Regillum,
429 1473 601 1514 xxxvii.
634 1489 696 1530 19.
714 1476 764 1516 ad
788 1477 846 1516 se-

173 1544 337 1583 natum,
373 1546 445 1588 45.
469 1543 610 1574 contra
631 1533 843 1586 Perseum,

171 1594 256 1636 xlii.
281 1607 296 1635 1
312 1608 348 1635 1.
372 1604 436 1635 12.

112 1674 230 1686 -—
252 1652 319 1694 M.
343 1649 473 1699 Fabii,
491 1650 573 1694 viii.
599 1662 669 1707 33.

254 1711 319 1752 M.
342 1709 455 1752 Fabii
478 1711 692 1762 Buteonis,
710 1710 842 1753 dicta-

169 1770 286 1820 toris,
302 1769 433 1812 xxiii.
450 1782 520 1826 23.

111 1853 224 1864 ———
246 1830 321 1888 Q
337 1830 447 1871 Fabii
467 1829 508 1870 in
544 1830 840 1882 Terentinum,

169 1888 398 1940 tribunum,
421 1890 478 1930 iii.
502 1905 545 1945 9.

242 1949 297 1998 Q.
340 1948 472 2000 Fabii,
511 1947 695 2006 magistri
725 1948 839 2004 equi-

166 2016 273 2056 tum,
294 2007 378 2048 viii.
404 2019 472 2061 31.

107 2088 221 2098 ---—-
244 2067 300 2122 Q.
334 2066 448 2108 Fabii
475 2065 654 2106 Maximi
693 2067 840 2109 Cunc-

165 2127 310 2168 tatoris
349 2126 402 2166 ad
446 2124 683 2175 JEmilium‚
727 2126 834 2167 xxii.

167 2198 237 2239 39.
272 2186 322 2226 de
355 2183 589 2226 consulibus
632 2185 836 2239 creandis,

165 2243 284 2286 xxiv.
311 2248 348 2287 8.
383 2246 423 2285 in
459 2244 617 2293 senatu,
660 2258 711 2285 ne
742 2243 834 2285 Sci-

164 2303 280 2358 pioni
303 2302 448 2345 Africa
470 2302 694 2345 mandetur
715 2313 835 2345 extra

165 2362 331 2412 sortem,
350 2362 503 2405 xxviii.
522 2378 592 2420 40.

252 2424 318 2466 Μ.
371 2422 521 2472 Fulvii,
573 2419 834 2476 triumphum

167 2481 360 2539 petentis,
381 2481 547 2525 xxxix,
566 2496 608 2533 4.

107 2567 221 2577 --—
242 2543 294 2586 L.
311 2542 440 2592 Furii,
471 2541 557 2597 post
576 2538 833 2582 consulatum

167 2600 242 2654 rei,
263 2601 306 2644 ii.
331 2615 399 2658 54.

106 2685 228 2695 ——---
251 2663 301 2706 L.
324 2661 453 2715 Furii,
476 2658 631 2703 tribuni
652 2657 830 2700 militum

1562 173 1640 216 511

969 283 1170 327 consulari
1209 288 1423 343 potestate,
1453 291 1503 331 ad
1528 290 1635 332 mili-

968 354 1045 395 tes,
1066 344 1118 386 vi.
1139 358 1205 401 23.

912 425 1028 435 --—
1046 404 1156 444 Furii
1174 403 1358 457 Camilli,
1374 406 1457 448 viii.
1486 419 1557 463 135

1051 462 1105 504 L.
1128 463 1242 504 Furii
1262 464 1538 520 Purpureonis
1561 471 1634 512 ad-

965 522 1103 565 versus
1122 521 1206 563 Cn.
1222 522 1445 576 Manlium,
1459 531 1634 571 xxxviii.

911 662 1027 675 -a—--
1047 640 1112 682 M.
1135 640 1250 682 Furii
1273 640 1457 696 Camilli,
1490 663 1528 687 v.
1567 661 1635 704 27.

970 715 1039 756 30.
1062 715 1134 755 44.
1157 714 1224 754 51·
1243 700 1298 743 vi.
1322 712 1362 754 7.
1381 716 1446 754 24.
1471 707 1540 746 26.
1566 713 1636 762 38,

1049 759 1270 801 Gallorum
1313 760 1544 816 legatorum
1595 769 1636 808 in

970 817 1128 870 senatu,
1149 819 1318 860 xxxix·
1334 832 1406 875 54.

1046 878 1249 929 Guluffae,
1271 878 1554 934 respondentis
1580 885 1638 926 le.

966 937 1073 993 gatis
1094 937 1515 995 Carthaginienssum,
1546 945 1636 986 xlii.

969 1009 1038 1049 24.

1053 1056 1271 1099 Hannonis
1309 1056 1361 1098 de
1413 1057 1636 1117 Annibale,

966 1116 1054 1157 xxi.
1081 1131 1118 1171 3.
1144 1125 1187 1171 9.
1210 1116 1323 1157 xxiii.
1352 1129 1417 1159 12.

906 1196 1023 1212 ...-
1037 1175 1271 1218 Heraclidis
1285 1176 1490 1231 Byzantii,
1526 1179 1638 1236 lega-

966 1236 996 1276 ti
1036 1235 1086 1276 ab
1111 1235 1321 1276 Antiocho
1345 1237 1395 1276 ad
1420 1236 1636 1285 Romanos

966 1295 1068 1336 miffi
1084 1295 1134 1335 de
1155 1309 1272 1349 pace,
1295 1294 1456 1337 xxxvii.
1475 1307 1545 1353 35.

1032 1353 1305 1408 Hirpinorum
1326 1354 1366 1394 δε
1382 1353 1633 1401 Samnitium

963 1414 1013 1454 ad
1037 1412 1304 1462 Annibalem,
1326 1414 1447 1455 xxiii.
1471 1428 1542 1465 42.

903 1498 1018 1505 -——
1040 1471 1106 1514 M.
1142 1471 1305 1514 Horatii
1342 1474 1511 1516 Barbati
1563 1479 1635 1519 ad-

961 1529 1098 1571 versus
1121 1530 1393 1585 decemviros,
1410 1534 1464 1577 iii.
1492 1550 1562 1592 39.
1582 1539 1633 1580 ad

960 1589 1127 1639 milites,
1151 1591 1223 1631 62.

902 1671 1016 1681 ———
1037 1649 1088 1690 L.
1114 1649 1218 1692 Icilii
1232 1663 1376 1696 contra
1401 1654 1487 1710 Ap.
1504 1654 1630 1698 Clau-

960 1708 1091 1757 dium,
1109 1707 1164 1750 iii.
1190 1724 1262 1767 45.

947 1792 951 1793 ⁷
1036 1767 1239 1819 Indibilis,
1299 1771 1516 1827 Hispaniae
1567 1788 1631 1816 re·

955 1826 1056 1883 guli,
1075 1827 1125 1868 ad
1142 1828 1396 1884 Scipionem,
1413 1833 1538 1874 xxvii.
1562 1848 1628 1888 17.

958 1887 1108 1929 xxviii.
1152 1902 1223 1944 34.
1265 1890 1315 1931 ad
1347 1890 1457 1944 suoS‚
1498 1894 1627 1936 xxix.

959 1958 997 1989 2.

898 2031 1011 2038 ———
1030 2005 1084 2046 L.
1107 2005 1221 2058 Junii
1242 2008 1379 2061 Bruti,
1402 2008 1444 2051 ii.
1469 2023 1507 2053 2.

898 2089 1011 2096 --
1033 2063 1095 2106 M.
1117 2065 1233 2118 Junii
1273 2069 1324 2109 de
1361 2069 1532 2124 captivis
1561 2084 1630 2112 re-

958 2122 1176 2176 dimendis,
1200 2127 1304 2168 xxii.
1329 2140 1396 2181 59.

899 2206 1013 2214 —-—
1032 2182 1081 2223 P·
1106 2186 1258 2228 Licinii
1280 2186 1409 2237 Calvi,
1432 2202 1469 2227 v.
1498 2191 1566 2229 18.

898 2264 1012 2273 ——-
1023 2240 1096 2298 Sp.
1116 2246 1320 2303 Ligustini
1337 2247 1387 2287 ad
1407 2248 1624 2302 populum,

957 2299 1047 2340 xlii.
1073 2317 1140 2358 34.

1038 2363 1305 2404 Locrensium
1377 2363 1625 2420 legatorum,

953 2419 1258 2473 deplorantium
1292 2421 1479 2466 fortunas
1517 2424 1622 2476 suas,

955 2480 1090 2520 xxix.
1110 2494 1169 2535 17.

892 2564 1012 2572 ——-—-
1036 2540 1501 2597 Lycortae,Achaeorum
1515 2558 1621 2599 prae-

949 2598 1066 2647 toris,
1128 2601 1177 2640 ad
1225 2601 1307 2656 Ap.
1372 2602 1619 2655 Claudium,

954 2658 1116 2699 xxxix.
1141 2660 1212 2714 36.

1439 2721 1614 2763 .-....C.
