<?xml version="1.0" encoding="UTF-8"?>
<!DOCTYPE html PUBLIC "-//W3C//DTD XHTML 1.0 Transitional//EN"
    "http://www.w3.org/TR/xhtml1/DTD/xhtml1-transitional.dtd">
<html xmlns="http://www.w3.org/1999/xhtml" xml:lang="en" lang="en">
 <head>
  <title>
</title>
<meta http-equiv="Content-Type" content="text/html;charset=utf-8" />
  <meta name='ocr-system' content='tesseract 3.04.00' />
  <meta name='ocr-capabilities' content='ocr_page ocr_carea ocr_par ocr_line ocrx_word'/>
</head>
<body>
  <div class='ocr_page' id='page_1' title='image "./historiaeromanae04livyuoft_0227.png"; bbox 0 0 1835 3121; ppageno 0'>
   <div class='ocr_carea' id='block_1_1' title="bbox 350 245 1617 313">
    <p class='ocr_par' dir='ltr' id='par_1_1' title="bbox 350 245 1617 313">
     <span class='ocr_line' id='line_1_1' title="bbox 350 245 1617 313; baseline -0.004 -2"><span class='ocrx_word' id='word_1_1' title='bbox 350 264 568 313; x_wconf 81' lang='lat' dir='ltr'><strong>LIBER</strong></span> <span class='ocrx_word' id='word_1_2' title='bbox 618 262 753 305; x_wconf 82' lang='lat' dir='ltr'>XLV.</span> <span class='ocrx_word' id='word_1_3' title='bbox 807 259 963 304; x_wconf 73' lang='lat' dir='ltr'>oAP.</span> <span class='ocrx_word' id='word_1_4' title='bbox 1009 245 1126 304; x_wconf 74' lang='lat' dir='ltr'>xvi.</span> <span class='ocrx_word' id='word_1_5' title='bbox 1532 265 1617 307; x_wconf 64' lang='grc' dir='ltr'>2η</span> 
     </span>
    </p>
   </div>
   <div class='ocr_carea' id='block_1_2' title="bbox 78 380 1606 2008">
    <p class='ocr_par' dir='ltr' id='par_1_2' title="bbox 80 380 1394 443">
     <span class='ocr_line' id='line_1_2' title="bbox 80 380 1394 443; baseline -0.005 -18"><span class='ocrx_word' id='word_1_6' title='bbox 80 398 179 425; x_wconf 85' lang='lat' dir='ltr'>mere</span> <span class='ocrx_word' id='word_1_7' title='bbox 207 385 308 443; x_wconf 74' lang='lat' dir='ltr'>pff.</span> <span class='ocrx_word' id='word_1_8' title='bbox 372 382 503 438; x_wconf 83' lang='lat' dir='ltr'><em>Neque</em></span> <span class='ocrx_word' id='word_1_9' title='bbox 521 383 636 433; x_wconf 86' lang='lat' dir='ltr'>enim,</span> <span class='ocrx_word' id='word_1_10' title='bbox 653 380 697 436; x_wconf 86' lang='lat' dir='ltr'><em>st</em></span> <span class='ocrx_word' id='word_1_11' title='bbox 715 381 815 421; x_wconf 81' lang='lat' dir='ltr'>tribu</span> <span class='ocrx_word' id='word_1_12' title='bbox 836 395 979 420; x_wconf 83' lang='lat' dir='ltr'>movere</span> <span class='ocrx_word' id='word_1_13' title='bbox 1002 380 1116 436; x_wconf 77' lang='lat' dir='ltr'>poffi‘t</span> <span class='ocrx_word' id='word_1_14' title='bbox 1139 381 1217 434; x_wconf 61' lang='lat'>(3),</span> <span class='ocrx_word' id='word_1_15' title='bbox 1242 380 1337 434; x_wconf 82' lang='lat' dir='ltr'>quod</span> <span class='ocrx_word' id='word_1_16' title='bbox 1338 380 1394 433; x_wconf 83' lang='lat' dir='ltr'>fit</span> 
     </span>
    </p>

    <p class='ocr_par' dir='ltr' id='par_1_3' title="bbox 80 439 1393 496">
     <span class='ocr_line' id='line_1_3' title="bbox 80 439 1393 496; baseline -0.005 -13"><span class='ocrx_word' id='word_1_17' title='bbox 80 442 178 483; x_wconf 80' lang='lat' dir='ltr'><em>nihil</em></span> <span class='ocrx_word' id='word_1_18' title='bbox 194 443 312 491; x_wconf 85' lang='lat' dir='ltr'>aliud,</span> <span class='ocrx_word' id='word_1_19' title='bbox 347 442 458 496; x_wconf 64' lang='lat' dir='ltr'>qubm</span> <span class='ocrx_word' id='word_1_20' title='bbox 486 454 632 480; x_wconf 87' lang='lat' dir='ltr'>mutare</span> <span class='ocrx_word' id='word_1_21' title='bbox 638 441 773 496; x_wconf 85' lang='lat' dir='ltr'>jubere</span> <span class='ocrx_word' id='word_1_22' title='bbox 791 440 948 488; x_wconf 87' lang='lat' dir='ltr'><em>tribum,</em></span> <span class='ocrx_word' id='word_1_23' title='bbox 989 439 1065 478; x_wconf 82' lang='lat' dir='ltr'>ideo</span> <span class='ocrx_word' id='word_1_24' title='bbox 1092 439 1253 479; x_wconf 81' lang='lat' dir='ltr'>omnibus</span> <span class='ocrx_word' id='word_1_25' title='bbox 1284 440 1393 492; x_wconf 82' lang='lat' dir='ltr'>quin·</span> 
     </span>
    </p>

    <p class='ocr_par' dir='ltr' id='par_1_4' title="bbox 79 496 1601 848">
     <span class='ocr_line' id='line_1_4' title="bbox 82 496 1395 556; baseline -0.005 -15"><span class='ocrx_word' id='word_1_26' title='bbox 82 517 153 556; x_wconf 84' lang='lat' dir='ltr'>que</span> <span class='ocrx_word' id='word_1_27' title='bbox 186 502 238 544; x_wconf 60' lang='grc' dir='ltr'>ξδ’</span> <span class='ocrx_word' id='word_1_28' title='bbox 266 501 422 554; x_wconf 79' lang='lat' dir='ltr'>triginta</span> <span class='ocrx_word' id='word_1_29' title='bbox 463 500 634 539; x_wconf 77' lang='lat' dir='ltr'><em>tribubus</em></span> <span class='ocrx_word' id='word_1_30' title='bbox 673 514 836 538; x_wconf 80' lang='lat' dir='ltr'>emovere</span> <span class='ocrx_word' id='word_1_31' title='bbox 866 496 955 553; x_wconf 51' lang='grc' dir='ltr'>ροβε</span> <span class='ocrx_word' id='word_1_32' title='bbox 972 520 986 544; x_wconf 89' lang='lat'>,·</span> <span class='ocrx_word' id='word_1_33' title='bbox 1039 498 1081 537; x_wconf 88' lang='lat' dir='ltr'>id</span> <span class='ocrx_word' id='word_1_34' title='bbox 1112 497 1172 554; x_wconf 54' lang='lat' dir='ltr'>est,</span> <span class='ocrx_word' id='word_1_35' title='bbox 1205 498 1395 537; x_wconf 79' lang='lat' dir='ltr'>civitatem</span> 
     </span>
     <span class='ocr_line' id='line_1_5' title="bbox 81 555 1581 614; baseline -0.005 -14"><span class='ocrx_word' id='word_1_36' title='bbox 81 561 360 614; x_wconf 79' lang='lat' dir='ltr'><em>libertatemque</em></span> <span class='ocrx_word' id='word_1_37' title='bbox 385 560 525 613; x_wconf 83' lang='lat' dir='ltr'>eripere</span> <span class='ocrx_word' id='word_1_38' title='bbox 542 581 555 605; x_wconf 89' lang='lat'>,-</span> <span class='ocrx_word' id='word_1_39' title='bbox 589 573 672 603; x_wconf 83' lang='lat' dir='ltr'>non,</span> <span class='ocrx_word' id='word_1_40' title='bbox 705 558 765 596; x_wconf 84' lang='lat' dir='ltr'>uhi</span> <span class='ocrx_word' id='word_1_41' title='bbox 784 557 987 611; x_wconf 45' lang='lat' dir='ltr'>censeatur,</span> <span class='ocrx_word' id='word_1_42' title='bbox 1017 561 1042 608; x_wconf 91' lang='lat'>†</span> <span class='ocrx_word' id='word_1_43' title='bbox 1044 555 1181 611; x_wconf 83' lang='lat' dir='ltr'>finire,</span> <span class='ocrx_word' id='word_1_44' title='bbox 1203 556 1276 611; x_wconf 80' lang='lat' dir='ltr'>sed</span> <span class='ocrx_word' id='word_1_45' title='bbox 1291 556 1396 610; x_wconf 86' lang='lat' dir='ltr'>censu</span> <span class='ocrx_word' id='word_1_46' title='bbox 1553 602 1581 609; x_wconf 39' lang='grc' dir='ltr'><strong>Ν</strong></span> 
     </span>
     <span class='ocr_line' id='line_1_6' title="bbox 79 601 1601 676; baseline -0.001 -20"><span class='ocrx_word' id='word_1_47' title='bbox 79 618 280 658; x_wconf 77' lang='lat' dir='ltr'>excludere.</span> <span class='ocrx_word' id='word_1_48' title='bbox 342 616 444 657; x_wconf 84' lang='lat' dir='ltr'>Haec</span> <span class='ocrx_word' id='word_1_49' title='bbox 474 618 577 656; x_wconf 88' lang='lat' dir='ltr'>inter</span> <span class='ocrx_word' id='word_1_50' title='bbox 599 615 703 671; x_wconf 89' lang='lat' dir='ltr'>ipsos</span> <span class='ocrx_word' id='word_1_51' title='bbox 716 614 934 669; x_wconf 83' lang='lat' dir='ltr'>disceptata</span> <span class='ocrx_word' id='word_1_52' title='bbox 954 629 962 654; x_wconf 92' lang='lat'>:</span> <span class='ocrx_word' id='word_1_53' title='bbox 992 613 1198 669; x_wconf 75' lang='lat' dir='ltr'>postremo</span> <span class='ocrx_word' id='word_1_54' title='bbox 1215 613 1265 654; x_wconf 75' lang='lat' dir='ltr'>eo</span> <span class='ocrx_word' id='word_1_55' title='bbox 1286 620 1311 667; x_wconf 82' lang='lat'>†</span> <span class='ocrx_word' id='word_1_56' title='bbox 1326 616 1396 654; x_wconf 85' lang='lat' dir='ltr'>de·</span> <span class='ocrx_word' id='word_1_57' title='bbox 1414 601 1601 676; x_wconf 45' lang='grc' dir='ltr'>2ωέξῖζᾷ</span> 
     </span>
     <span class='ocr_line' id='line_1_7' title="bbox 82 671 1596 732; baseline 0 -16"><span class='ocrx_word' id='word_1_58' title='bbox 82 675 263 716; x_wconf 86' lang='lat' dir='ltr'>scensum</span> <span class='ocrx_word' id='word_1_59' title='bbox 287 675 357 725; x_wconf 78' lang='lat' dir='ltr'>est,</span> <span class='ocrx_word' id='word_1_60' title='bbox 392 686 436 715; x_wconf 89' lang='lat' dir='ltr'>ut</span> <span class='ocrx_word' id='word_1_61' title='bbox 457 689 504 715; x_wconf 84' lang='lat' dir='ltr'>ex</span> <span class='ocrx_word' id='word_1_62' title='bbox 529 686 704 729; x_wconf 83' lang='lat' dir='ltr'>quatuor</span> <span class='ocrx_word' id='word_1_63' title='bbox 725 673 888 714; x_wconf 82' lang='lat' dir='ltr'>urbanis</span> <span class='ocrx_word' id='word_1_64' title='bbox 912 672 1098 713; x_wconf 84' lang='lat' dir='ltr'>tribubus</span> <span class='ocrx_word' id='word_1_65' title='bbox 1119 687 1242 713; x_wconf 85' lang='lat' dir='ltr'>unam</span> <span class='ocrx_word' id='word_1_66' title='bbox 1261 671 1394 729; x_wconf 68' lang='lat' dir='ltr'>palam</span> <span class='ocrx_word' id='word_1_67' title='bbox 1413 694 1529 732; x_wconf 62' lang='lat' dir='ltr'>conjefli</span> <span class='ocrx_word' id='word_1_68' title='bbox 1553 693 1596 722; x_wconf 65' lang='lat' dir='ltr'>lt·</span> 
     </span>
     <span class='ocr_line' id='line_1_8' title="bbox 81 732 1528 786; baseline -0.004 -12"><span class='ocrx_word' id='word_1_69' title='bbox 81 733 123 774; x_wconf 90' lang='lat' dir='ltr'>in</span> <span class='ocrx_word' id='word_1_70' title='bbox 145 735 244 774; x_wconf 90' lang='lat' dir='ltr'>atrio</span> <span class='ocrx_word' id='word_1_71' title='bbox 267 734 484 774; x_wconf 79' lang='lat' dir='ltr'>Libertatis</span> <span class='ocrx_word' id='word_1_72' title='bbox 506 733 759 782; x_wconf 80' lang='lat' dir='ltr'>sortirentur,</span> <span class='ocrx_word' id='word_1_73' title='bbox 795 732 836 771; x_wconf 87' lang='lat' dir='ltr'>in</span> <span class='ocrx_word' id='word_1_74' title='bbox 853 746 977 785; x_wconf 86' lang='lat' dir='ltr'>quam</span> <span class='ocrx_word' id='word_1_75' title='bbox 1001 746 1158 784; x_wconf 84' lang='lat' dir='ltr'>omnes,</span> <span class='ocrx_word' id='word_1_76' title='bbox 1188 733 1258 786; x_wconf 87' lang='lat' dir='ltr'>qui</span> <span class='ocrx_word' id='word_1_77' title='bbox 1278 732 1396 772; x_wconf 84' lang='lat' dir='ltr'>servi·</span> <span class='ocrx_word' id='word_1_78' title='bbox 1415 738 1528 768; x_wconf 68' lang='lat' dir='ltr'>bertini.</span> 
     </span>
     <span class='ocr_line' id='line_1_9' title="bbox 80 790 1398 848; baseline -0.002 -16"><span class='ocrx_word' id='word_1_79' title='bbox 80 802 212 833; x_wconf 81' lang='lat' dir='ltr'>tutem</span> <span class='ocrx_word' id='word_1_80' title='bbox 245 791 460 842; x_wconf 80' lang='lat' dir='ltr'>servissent,</span> <span class='ocrx_word' id='word_1_81' title='bbox 497 792 758 848; x_wconf 82' lang='lat' dir='ltr'><strong>conjicerent.</strong></span> <span class='ocrx_word' id='word_1_82' title='bbox 834 790 1053 844; x_wconf 74' lang='lat' dir='ltr'>Esquilinae</span> <span class='ocrx_word' id='word_1_83' title='bbox 1085 790 1167 831; x_wconf 88' lang='lat' dir='ltr'>sors</span> <span class='ocrx_word' id='word_1_84' title='bbox 1204 791 1324 831; x_wconf 80' lang='lat' dir='ltr'>exiit:</span> <span class='ocrx_word' id='word_1_85' title='bbox 1356 791 1398 830; x_wconf 89' lang='lat' dir='ltr'>in</span> 
     </span>
    </p>

    <p class='ocr_par' dir='ltr' id='par_1_5' title="bbox 79 849 1399 965">
     <span class='ocr_line' id='line_1_10' title="bbox 79 849 1399 905; baseline -0.002 -14"><span class='ocrx_word' id='word_1_86' title='bbox 79 850 128 891; x_wconf 60' lang='lat' dir='ltr'>ea</span> <span class='ocrx_word' id='word_1_87' title='bbox 161 850 227 894; x_wconf 89' lang='lat' dir='ltr'>Ti.</span> <span class='ocrx_word' id='word_1_88' title='bbox 255 850 471 891; x_wconf 84' lang='lat' dir='ltr'><strong>Gracchus</strong></span> <span class='ocrx_word' id='word_1_89' title='bbox 507 849 806 905; x_wconf 82' lang='lat' dir='ltr'>pronunciavit,</span> <span class='ocrx_word' id='word_1_90' title='bbox 838 849 1048 890; x_wconf 85' lang='lat' dir='ltr'>libertinos</span> <span class='ocrx_word' id='word_1_91' title='bbox 1070 863 1212 890; x_wconf 88' lang='lat' dir='ltr'>omnes</span> <span class='ocrx_word' id='word_1_92' title='bbox 1243 849 1399 889; x_wconf 84' lang='lat' dir='ltr'>censeri</span> 
     </span>
     <span class='ocr_line' id='line_1_11' title="bbox 79 907 1399 965; baseline 0 -17"><span class='ocrx_word' id='word_1_93' title='bbox 79 910 251 965; x_wconf 87' lang='lat' dir='ltr'>placere.</span> <span class='ocrx_word' id='word_1_94' title='bbox 316 910 473 964; x_wconf 81' lang='lat' dir='ltr'>Magno</span> <span class='ocrx_word' id='word_1_95' title='bbox 495 923 540 949; x_wconf 90' lang='lat' dir='ltr'>ea</span> <span class='ocrx_word' id='word_1_96' title='bbox 562 923 625 949; x_wconf 86' lang='lat' dir='ltr'>res</span> <span class='ocrx_word' id='word_1_97' title='bbox 645 908 793 948; x_wconf 86' lang='lat' dir='ltr'>honori</span> <span class='ocrx_word' id='word_1_98' title='bbox 823 907 1056 949; x_wconf 81' lang='lat' dir='ltr'>censoribus</span> <span class='ocrx_word' id='word_1_99' title='bbox 1086 909 1193 963; x_wconf 78' lang='lat' dir='ltr'>apud</span> <span class='ocrx_word' id='word_1_100' title='bbox 1215 908 1399 948; x_wconf 86' lang='lat' dir='ltr'>senatum</span> 
     </span>
    </p>

    <p class='ocr_par' dir='ltr' id='par_1_6' title="bbox 78 966 1597 1199">
     <span class='ocr_line' id='line_1_12' title="bbox 80 966 1401 1022; baseline 0 -15"><span class='ocrx_word' id='word_1_101' title='bbox 80 966 173 1008; x_wconf 85' lang='lat' dir='ltr'>fuit.</span> <span class='ocrx_word' id='word_1_102' title='bbox 206 967 345 1022; x_wconf 84' lang='lat' dir='ltr'>gratiae</span> <span class='ocrx_word' id='word_1_103' title='bbox 365 967 468 1008; x_wconf 67' lang='lat' dir='ltr'>2&amp;ae</span> <span class='ocrx_word' id='word_1_104' title='bbox 492 970 529 1007; x_wconf 88' lang='lat'>&amp;</span> <span class='ocrx_word' id='word_1_105' title='bbox 553 967 813 1021; x_wconf 86' lang='lat' dir='ltr'>Sempronio,</span> <span class='ocrx_word' id='word_1_106' title='bbox 854 968 925 1021; x_wconf 87' lang='lat' dir='ltr'>qui</span> <span class='ocrx_word' id='word_1_107' title='bbox 960 966 1001 1005; x_wconf 89' lang='lat' dir='ltr'>in</span> <span class='ocrx_word' id='word_1_108' title='bbox 1025 967 1126 1007; x_wconf 90' lang='lat' dir='ltr'>bene</span> <span class='ocrx_word' id='word_1_109' title='bbox 1149 976 1287 1022; x_wconf 82' lang='lat' dir='ltr'>coepto</span> <span class='ocrx_word' id='word_1_110' title='bbox 1309 981 1401 1022; x_wconf 85' lang='lat' dir='ltr'>per-</span> 
     </span>
     <span class='ocr_line' id='line_1_13' title="bbox 81 1025 1597 1089; baseline -0.001 -22"><span class='ocrx_word' id='word_1_111' title='bbox 81 1025 314 1075; x_wconf 81' lang='lat' dir='ltr'>severaffet3</span> <span class='ocrx_word' id='word_1_112' title='bbox 369 1029 408 1068; x_wconf 67' lang='grc' dir='ltr'>ἃ</span> <span class='ocrx_word' id='word_1_113' title='bbox 452 1025 644 1076; x_wconf 85' lang='lat' dir='ltr'>Claudio,</span> <span class='ocrx_word' id='word_1_114' title='bbox 699 1026 769 1079; x_wconf 89' lang='lat' dir='ltr'>qui</span> <span class='ocrx_word' id='word_1_115' title='bbox 805 1039 888 1066; x_wconf 90' lang='lat' dir='ltr'>non</span> <span class='ocrx_word' id='word_1_116' title='bbox 929 1026 1164 1079; x_wconf 73' lang='lat' dir='ltr'>impedisset.</span> <span class='ocrx_word' id='word_1_117' title='bbox 1243 1027 1398 1075; x_wconf 89' lang='lat' dir='ltr'>Plures,</span> <span class='ocrx_word' id='word_1_118' title='bbox 1421 1048 1597 1089; x_wconf 47' lang='lat' dir='ltr'>Censmseo</span> 
     </span>
     <span class='ocr_line' id='line_1_14' title="bbox 78 1082 1589 1140; baseline 0 -15"><span class='ocrx_word' id='word_1_119' title='bbox 78 1084 208 1140; x_wconf 68' lang='lat' dir='ltr'>quam</span> <span class='ocrx_word' id='word_1_120' title='bbox 237 1100 259 1125; x_wconf 84' lang='lat' dir='ltr'>a</span> <span class='ocrx_word' id='word_1_121' title='bbox 295 1083 582 1139; x_wconf 84' lang='lat' dir='ltr'>superioribus,</span> <span class='ocrx_word' id='word_1_122' title='bbox 617 1087 655 1126; x_wconf 71' lang='grc' dir='ltr'>δε</span> <span class='ocrx_word' id='word_1_123' title='bbox 679 1082 820 1125; x_wconf 87' lang='lat' dir='ltr'>senatu</span> <span class='ocrx_word' id='word_1_124' title='bbox 850 1087 910 1139; x_wconf 85' lang='lat'>(4)</span> <span class='ocrx_word' id='word_1_125' title='bbox 934 1085 1058 1123; x_wconf 88' lang='lat' dir='ltr'>emoti</span> <span class='ocrx_word' id='word_1_126' title='bbox 1079 1084 1186 1134; x_wconf 88' lang='lat' dir='ltr'>sunt,</span> <span class='ocrx_word' id='word_1_127' title='bbox 1208 1088 1248 1126; x_wconf 73' lang='grc' dir='ltr'>δι</span> <span class='ocrx_word' id='word_1_128' title='bbox 1270 1098 1398 1138; x_wconf 88' lang='lat' dir='ltr'>equos</span> <span class='ocrx_word' id='word_1_129' title='bbox 1419 1095 1589 1138; x_wconf 65' lang='lat' dir='ltr'>verigesta.</span> 
     </span>
     <span class='ocr_line' id='line_1_15' title="bbox 81 1142 1396 1199; baseline 0.001 -16"><span class='ocrx_word' id='word_1_130' title='bbox 81 1143 257 1183; x_wconf 85' lang='lat' dir='ltr'>vendere</span> <span class='ocrx_word' id='word_1_131' title='bbox 273 1143 378 1199; x_wconf 84' lang='lat' dir='ltr'>juffi.</span> <span class='ocrx_word' id='word_1_132' title='bbox 409 1157 550 1184; x_wconf 77' lang='lat' dir='ltr'>omnes</span> <span class='ocrx_word' id='word_1_133' title='bbox 571 1143 693 1183; x_wconf 89' lang='lat' dir='ltr'>iidem</span> <span class='ocrx_word' id='word_1_134' title='bbox 713 1142 762 1183; x_wconf 91' lang='lat' dir='ltr'>ab</span> <span class='ocrx_word' id='word_1_135' title='bbox 785 1153 958 1197; x_wconf 89' lang='lat' dir='ltr'>utroque</span> <span class='ocrx_word' id='word_1_136' title='bbox 982 1145 1021 1183; x_wconf 65' lang='grc' dir='ltr'>ἃ</span> <span class='ocrx_word' id='word_1_137' title='bbox 1040 1142 1146 1192; x_wconf 85' lang='lat' dir='ltr'>tribu</span> <span class='ocrx_word' id='word_1_138' title='bbox 1170 1145 1332 1191; x_wconf 86' lang='lat' dir='ltr'>remoti,</span> <span class='ocrx_word' id='word_1_139' title='bbox 1357 1145 1396 1184; x_wconf 83' lang='lat'>&amp;</span> 
     </span>
    </p>

    <p class='ocr_par' dir='ltr' id='par_1_7' title="bbox 83 1201 1399 1256">
     <span class='ocr_line' id='line_1_16' title="bbox 83 1201 1399 1256; baseline 0.001 -15"><span class='ocrx_word' id='word_1_140' title='bbox 83 1206 109 1254; x_wconf 83' lang='lat'>†</span> <span class='ocrx_word' id='word_1_141' title='bbox 142 1202 274 1242; x_wconf 81' lang='lat' dir='ltr'>aerarii</span> <span class='ocrx_word' id='word_1_142' title='bbox 312 1201 439 1242; x_wconf 59' lang='lat' dir='ltr'>faeti:</span> <span class='ocrx_word' id='word_1_143' title='bbox 483 1215 616 1255; x_wconf 87' lang='lat' dir='ltr'>neque</span> <span class='ocrx_word' id='word_1_144' title='bbox 638 1201 772 1251; x_wconf 91' lang='lat' dir='ltr'>ullius,</span> <span class='ocrx_word' id='word_1_145' title='bbox 803 1216 927 1254; x_wconf 86' lang='lat' dir='ltr'>quem</span> <span class='ocrx_word' id='word_1_146' title='bbox 950 1202 1050 1241; x_wconf 80' lang='lat' dir='ltr'>alter</span> <span class='ocrx_word' id='word_1_147' title='bbox 1072 1211 1230 1241; x_wconf 80' lang='lat' dir='ltr'>notaret</span> <span class='ocrx_word' id='word_1_148' title='bbox 1250 1205 1326 1256; x_wconf 81' lang='lat'>(5),</span> <span class='ocrx_word' id='word_1_149' title='bbox 1349 1201 1399 1242; x_wconf 85' lang='lat' dir='ltr'>ab</span> 
     </span>
    </p>

    <p class='ocr_par' dir='ltr' id='par_1_8' title="bbox 84 1259 1402 1315">
     <span class='ocr_line' id='line_1_17' title="bbox 84 1259 1402 1315; baseline 0.001 -15"><span class='ocrx_word' id='word_1_150' title='bbox 84 1261 210 1300; x_wconf 83' lang='lat' dir='ltr'>altero</span> <span class='ocrx_word' id='word_1_151' title='bbox 241 1261 371 1300; x_wconf 84' lang='lat' dir='ltr'>levata</span> <span class='ocrx_word' id='word_1_152' title='bbox 402 1260 638 1315; x_wconf 83' lang='lat' dir='ltr'>ignominia.</span> <span class='ocrx_word' id='word_1_153' title='bbox 698 1259 952 1308; x_wconf 86' lang='lat' dir='ltr'>Petentibus,</span> <span class='ocrx_word' id='word_1_154' title='bbox 983 1270 1026 1300; x_wconf 89' lang='lat' dir='ltr'>ut</span> <span class='ocrx_word' id='word_1_155' title='bbox 1057 1274 1110 1300; x_wconf 84' lang='lat' dir='ltr'>ex</span> <span class='ocrx_word' id='word_1_156' title='bbox 1136 1259 1319 1300; x_wconf 87' lang='lat' dir='ltr'>instituto</span> <span class='ocrx_word' id='word_1_157' title='bbox 1350 1261 1402 1301; x_wconf 89' lang='lat' dir='ltr'>ad</span> 
     </span>
    </p>

    <p class='ocr_par' dir='ltr' id='par_1_9' title="bbox 84 1317 1404 1373">
     <span class='ocr_line' id='line_1_18' title="bbox 84 1317 1404 1373; baseline 0.001 -15"><span class='ocrx_word' id='word_1_158' title='bbox 84 1322 109 1370; x_wconf 79' lang='grc'>.1.</span> <span class='ocrx_word' id='word_1_159' title='bbox 129 1317 230 1358; x_wconf 90' lang='lat' dir='ltr'>sarta</span> <span class='ocrx_word' id='word_1_160' title='bbox 250 1318 359 1358; x_wconf 73' lang='lat' dir='ltr'>te&amp;a</span> <span class='ocrx_word' id='word_1_161' title='bbox 376 1318 588 1373; x_wconf 80' lang='lat' dir='ltr'>exigenda,</span> <span class='ocrx_word' id='word_1_162' title='bbox 622 1320 663 1359; x_wconf 71' lang='grc' dir='ltr'>δι’</span> <span class='ocrx_word' id='word_1_163' title='bbox 686 1319 736 1357; x_wconf 91' lang='lat' dir='ltr'>ad</span> <span class='ocrx_word' id='word_1_164' title='bbox 753 1332 891 1372; x_wconf 85' lang='lat' dir='ltr'>opera,</span> <span class='ocrx_word' id='word_1_165' title='bbox 924 1332 1016 1372; x_wconf 84' lang='lat' dir='ltr'>quae</span> <span class='ocrx_word' id='word_1_166' title='bbox 1038 1318 1243 1367; x_wconf 82' lang='lat' dir='ltr'>locaffent,</span> <span class='ocrx_word' id='word_1_167' title='bbox 1264 1325 1289 1370; x_wconf 90' lang='lat'>†</span> <span class='ocrx_word' id='word_1_168' title='bbox 1310 1332 1404 1372; x_wconf 90' lang='lat' dir='ltr'>pro-</span> 
     </span>
    </p>

    <p class='ocr_par' dir='ltr' id='par_1_10' title="bbox 84 1376 1406 1536">
     <span class='ocr_line' id='line_1_19' title="bbox 84 1376 1403 1432; baseline 0 -14"><span class='ocrx_word' id='word_1_169' title='bbox 84 1376 233 1425; x_wconf 78' lang='lat' dir='ltr'>banda,</span> <span class='ocrx_word' id='word_1_170' title='bbox 257 1377 352 1416; x_wconf 85' lang='lat' dir='ltr'>anni</span> <span class='ocrx_word' id='word_1_171' title='bbox 391 1379 426 1417; x_wconf 83' lang='lat'>&amp;</span> <span class='ocrx_word' id='word_1_172' title='bbox 463 1379 526 1431; x_wconf 89' lang='grc'>(6)</span> <span class='ocrx_word' id='word_1_173' title='bbox 561 1376 749 1417; x_wconf 82' lang='lat' dir='ltr'>bimenfis</span> <span class='ocrx_word' id='word_1_174' title='bbox 791 1388 952 1431; x_wconf 87' lang='lat' dir='ltr'>tempus</span> <span class='ocrx_word' id='word_1_175' title='bbox 989 1387 1290 1432; x_wconf 85' lang='lat' dir='ltr'>prorogaretur,</span> <span class='ocrx_word' id='word_1_176' title='bbox 1321 1377 1403 1418; x_wconf 89' lang='lat' dir='ltr'>Cn.</span> 
     </span>
     <span class='ocr_line' id='line_1_20' title="bbox 85 1434 1406 1489; baseline 0 -13"><span class='ocrx_word' id='word_1_177' title='bbox 85 1435 332 1476; x_wconf 84' lang='lat' dir='ltr'>Tremellius</span> <span class='ocrx_word' id='word_1_178' title='bbox 355 1435 556 1484; x_wconf 84' lang='lat' dir='ltr'>tribunus,</span> <span class='ocrx_word' id='word_1_179' title='bbox 589 1435 685 1489; x_wconf 85' lang='lat' dir='ltr'>quia</span> <span class='ocrx_word' id='word_1_180' title='bbox 719 1434 853 1476; x_wconf 57' lang='lat' dir='ltr'>lenus</span> <span class='ocrx_word' id='word_1_181' title='bbox 892 1448 975 1474; x_wconf 90' lang='lat' dir='ltr'>non</span> <span class='ocrx_word' id='word_1_182' title='bbox 1013 1445 1101 1475; x_wconf 83' lang='lat' dir='ltr'>erat</span> <span class='ocrx_word' id='word_1_183' title='bbox 1132 1435 1172 1474; x_wconf 86' lang='lat' dir='ltr'>in</span> <span class='ocrx_word' id='word_1_184' title='bbox 1205 1435 1406 1485; x_wconf 87' lang='lat' dir='ltr'>senatum,</span> 
     </span>
     <span class='ocr_line' id='line_1_21' title="bbox 85 1492 1405 1536; baseline 0 -2"><span class='ocrx_word' id='word_1_185' title='bbox 85 1494 312 1535; x_wconf 86' lang='lat' dir='ltr'>interceffit.</span> <span class='ocrx_word' id='word_1_186' title='bbox 358 1494 513 1533; x_wconf 82' lang='lat' dir='ltr'>Eodem</span> <span class='ocrx_word' id='word_1_187' title='bbox 536 1506 643 1533; x_wconf 89' lang='lat' dir='ltr'>anno</span> <span class='ocrx_word' id='word_1_188' title='bbox 659 1492 706 1533; x_wconf 91' lang='lat' dir='ltr'>C.</span> <span class='ocrx_word' id='word_1_189' title='bbox 731 1492 940 1533; x_wconf 84' lang='lat' dir='ltr'>Cicereius</span> <span class='ocrx_word' id='word_1_190' title='bbox 963 1493 1089 1532; x_wconf 84' lang='lat' dir='ltr'>aedem</span> <span class='ocrx_word' id='word_1_191' title='bbox 1107 1493 1149 1532; x_wconf 88' lang='lat' dir='ltr'>in</span> <span class='ocrx_word' id='word_1_192' title='bbox 1167 1504 1307 1535; x_wconf 88' lang='lat' dir='ltr'>monte</span> <span class='ocrx_word' id='word_1_193' title='bbox 1330 1496 1405 1536; x_wconf 86' lang='lat' dir='ltr'>Al-</span> 
     </span>
    </p>

    <p class='ocr_par' dir='ltr' id='par_1_11' title="bbox 84 1549 1406 1666">
     <span class='ocr_line' id='line_1_22' title="bbox 84 1549 1406 1606; baseline 0.001 -13"><span class='ocrx_word' id='word_1_194' title='bbox 84 1551 191 1593; x_wconf 89' lang='lat' dir='ltr'>bano</span> <span class='ocrx_word' id='word_1_195' title='bbox 210 1551 408 1593; x_wconf 84' lang='lat' dir='ltr'>dedicavit</span> <span class='ocrx_word' id='word_1_196' title='bbox 425 1550 709 1606; x_wconf 86' lang='lat' dir='ltr'>quinquennio</span> <span class='ocrx_word' id='word_1_197' title='bbox 731 1550 835 1605; x_wconf 76' lang='lat' dir='ltr'>post,</span> <span class='ocrx_word' id='word_1_198' title='bbox 857 1549 979 1606; x_wconf 66' lang='lat' dir='ltr'>quam</span> <span class='ocrx_word' id='word_1_199' title='bbox 999 1551 1110 1591; x_wconf 86' lang='lat' dir='ltr'>vovit</span> <span class='ocrx_word' id='word_1_200' title='bbox 1133 1554 1194 1606; x_wconf 90' lang='lat'>(7)</span> <span class='ocrx_word' id='word_1_201' title='bbox 1235 1553 1406 1594; x_wconf 83' lang='lat' dir='ltr'><strong>Flamen</strong></span> 
     </span>
     <span class='ocr_line' id='line_1_23' title="bbox 86 1609 1377 1666; baseline 0.001 -13"><span class='ocrx_word' id='word_1_202' title='bbox 86 1610 289 1653; x_wconf 85' lang='lat' dir='ltr'>Martialis</span> <span class='ocrx_word' id='word_1_203' title='bbox 308 1611 573 1666; x_wconf 87' lang='lat' dir='ltr'>inauguratus</span> <span class='ocrx_word' id='word_1_204' title='bbox 594 1609 651 1649; x_wconf 88' lang='lat' dir='ltr'>est</span> <span class='ocrx_word' id='word_1_205' title='bbox 668 1623 717 1649; x_wconf 92' lang='lat' dir='ltr'>eo</span> <span class='ocrx_word' id='word_1_206' title='bbox 740 1624 846 1650; x_wconf 87' lang='lat' dir='ltr'>anno</span> <span class='ocrx_word' id='word_1_207' title='bbox 871 1614 914 1652; x_wconf 94' lang='lat' dir='ltr'>L.</span> <span class='ocrx_word' id='word_1_208' title='bbox 935 1610 1167 1652; x_wconf 77' lang='lat' dir='ltr'>Postumius</span> <span class='ocrx_word' id='word_1_209' title='bbox 1187 1611 1377 1654; x_wconf 78' lang='lat' dir='ltr'>Albinus-</span> 
     </span>
    </p>

    <p class='ocr_par' dir='ltr' id='par_1_12' title="bbox 86 1667 1606 1963">
     <span class='ocr_line' id='line_1_24' title="bbox 146 1667 1606 1734; baseline 0.001 -24"><span class='ocrx_word' id='word_1_210' title='bbox 146 1669 263 1711; x_wconf 69' lang='lat' dir='ltr'>XVI.</span> <span class='ocrx_word' id='word_1_211' title='bbox 319 1669 539 1727; x_wconf 71' lang='lat' dir='ltr'>QAElio,</span> <span class='ocrx_word' id='word_1_212' title='bbox 582 1669 647 1709; x_wconf 87' lang='lat' dir='ltr'>M.</span> <span class='ocrx_word' id='word_1_213' title='bbox 682 1668 808 1721; x_wconf 84' lang='lat' dir='ltr'>Junio</span> <span class='ocrx_word' id='word_1_214' title='bbox 843 1667 1076 1710; x_wconf 87' lang='lat' dir='ltr'>consulibus</span> <span class='ocrx_word' id='word_1_215' title='bbox 1107 1669 1157 1709; x_wconf 89' lang='lat' dir='ltr'>de</span> <span class='ocrx_word' id='word_1_216' title='bbox 1189 1670 1407 1723; x_wconf 88' lang='lat' dir='ltr'>provinciis</span> <span class='ocrx_word' id='word_1_217' title='bbox 1424 1693 1606 1734; x_wconf 55' lang='lat' dir='ltr'>tre-585.</span> 
     </span>
     <span class='ocr_line' id='line_1_25' title="bbox 86 1726 1603 1784; baseline 0.002 -16"><span class='ocrx_word' id='word_1_218' title='bbox 86 1726 375 1779; x_wconf 84' lang='lat' dir='ltr'>referentibus,</span> <span class='ocrx_word' id='word_1_219' title='bbox 397 1727 586 1768; x_wconf 87' lang='lat' dir='ltr'>censuere</span> <span class='ocrx_word' id='word_1_220' title='bbox 617 1726 773 1777; x_wconf 86' lang='lat' dir='ltr'>Patres,</span> <span class='ocrx_word' id='word_1_221' title='bbox 795 1728 896 1768; x_wconf 86' lang='lat' dir='ltr'>duas</span> <span class='ocrx_word' id='word_1_222' title='bbox 917 1728 1146 1782; x_wconf 86' lang='lat' dir='ltr'>provincias</span> <span class='ocrx_word' id='word_1_223' title='bbox 1166 1728 1405 1784; x_wconf 83' lang='lat' dir='ltr'>Hispaniam</span> <span class='ocrx_word' id='word_1_224' title='bbox 1426 1750 1455 1770; x_wconf 86' lang='lat' dir='ltr'>a.</span> <span class='ocrx_word' id='word_1_225' title='bbox 1470 1741 1506 1772; x_wconf 89' lang='lat' dir='ltr'>C.</span> <span class='ocrx_word' id='word_1_226' title='bbox 1527 1741 1603 1779; x_wconf 87' lang='lat'>1⁶7·</span> 
     </span>
     <span class='ocr_line' id='line_1_26' title="bbox 87 1785 1584 1840; baseline 0.001 -12"><span class='ocrx_word' id='word_1_227' title='bbox 87 1786 225 1828; x_wconf 83' lang='lat' dir='ltr'>rursus</span> <span class='ocrx_word' id='word_1_228' title='bbox 253 1786 356 1836; x_wconf 88' lang='lat' dir='ltr'>fieri,</span> <span class='ocrx_word' id='word_1_229' title='bbox 390 1801 480 1840; x_wconf 86' lang='lat' dir='ltr'>quae</span> <span class='ocrx_word' id='word_1_230' title='bbox 509 1800 590 1826; x_wconf 87' lang='lat' dir='ltr'>una</span> <span class='ocrx_word' id='word_1_231' title='bbox 611 1799 683 1839; x_wconf 82' lang='lat' dir='ltr'>per</span> <span class='ocrx_word' id='word_1_232' title='bbox 714 1785 865 1826; x_wconf 87' lang='lat' dir='ltr'>bellum</span> <span class='ocrx_word' id='word_1_233' title='bbox 892 1786 1212 1829; x_wconf 86' lang='lat' dir='ltr'>Macedonicum</span> <span class='ocrx_word' id='word_1_234' title='bbox 1242 1787 1404 1829; x_wconf 88' lang='lat' dir='ltr'>fuerat:</span> <span class='ocrx_word' id='word_1_235' title='bbox 1427 1785 1584 1836; x_wconf 57' lang='lat' dir='ltr'><strong>QAEHP·</strong></span> 
     </span>
     <span class='ocr_line' id='line_1_27' title="bbox 86 1832 1586 1909; baseline 0.001 -22"><span class='ocrx_word' id='word_1_236' title='bbox 86 1848 127 1887; x_wconf 74' lang='grc' dir='ltr'><strong>ἃ</strong></span> <span class='ocrx_word' id='word_1_237' title='bbox 152 1844 440 1886; x_wconf 79' lang='lat' dir='ltr'>Macedoniam</span> <span class='ocrx_word' id='word_1_238' title='bbox 463 1845 753 1900; x_wconf 89' lang='lat' dir='ltr'>Illyricumque</span> <span class='ocrx_word' id='word_1_239' title='bbox 788 1845 967 1895; x_wconf 88' lang='lat' dir='ltr'>eosdem,</span> <span class='ocrx_word' id='word_1_240' title='bbox 999 1845 1048 1885; x_wconf 86' lang='lat' dir='ltr'>L.</span> <span class='ocrx_word' id='word_1_241' title='bbox 1071 1845 1260 1886; x_wconf 85' lang='lat' dir='ltr'>Paullum</span> <span class='ocrx_word' id='word_1_242' title='bbox 1295 1849 1334 1888; x_wconf 87' lang='lat'>&amp;</span> <span class='ocrx_word' id='word_1_243' title='bbox 1359 1848 1406 1889; x_wconf 89' lang='lat' dir='ltr'>L.</span> <span class='ocrx_word' id='word_1_244' title='bbox 1425 1832 1586 1909; x_wconf 36' lang='lat' dir='ltr'>&amp;ffum‘</span> 
     </span>
     <span class='ocr_line' id='line_1_28' title="bbox 90 1903 1404 1963; baseline 0.003 -20"><span class='ocrx_word' id='word_1_245' title='bbox 90 1904 304 1956; x_wconf 84' lang='lat' dir='ltr'>Anicium,</span> <span class='ocrx_word' id='word_1_246' title='bbox 332 1903 529 1954; x_wconf 71' lang='lat' dir='ltr'>obtinere,</span> <span class='ocrx_word' id='word_1_247' title='bbox 570 1904 700 1955; x_wconf 69' lang='lat' dir='ltr'>donee</span> <span class='ocrx_word' id='word_1_248' title='bbox 732 1904 782 1944; x_wconf 89' lang='lat' dir='ltr'>de</span> <span class='ocrx_word' id='word_1_249' title='bbox 809 1909 825 1956; x_wconf 73' lang='grc' dir='ltr'>μ</span> <span class='ocrx_word' id='word_1_250' title='bbox 867 1903 1060 1945; x_wconf 69' lang='lat' dir='ltr'>sententia</span> <span class='ocrx_word' id='word_1_251' title='bbox 1096 1905 1325 1963; x_wconf 80' lang='lat' dir='ltr'>legatorum</span> <span class='ocrx_word' id='word_1_252' title='bbox 1366 1908 1404 1947; x_wconf 87' lang='lat'>&amp;</span> 
     </span>
    </p>

    <p class='ocr_par' dir='ltr' id='par_1_13' title="bbox 1341 1979 1410 2008">
     <span class='ocr_line' id='line_1_29' title="bbox 1341 1979 1410 2008; baseline 0.029 -2"><span class='ocrx_word' id='word_1_253' title='bbox 1341 1979 1410 2008; x_wconf 69' lang='lat' dir='ltr'>res</span> 
     </span>
    </p>
   </div>
   <div class='ocr_carea' id='block_1_3' title="bbox 92 2114 1416 2797">
    <p class='ocr_par' dir='ltr' id='par_1_14' title="bbox 92 2114 1416 2797">
     <span class='ocr_line' id='line_1_30' title="bbox 92 2114 1410 2160; baseline 0.002 -14"><span class='ocrx_word' id='word_1_254' title='bbox 92 2114 312 2147; x_wconf 61' lang='lat' dir='ltr'>oenserentur.</span> <span class='ocrx_word' id='word_1_255' title='bbox 372 2115 428 2156; x_wconf 87' lang='lat'>(3)</span> <span class='ocrx_word' id='word_1_256' title='bbox 441 2116 552 2148; x_wconf 72' lang='lat' dir='ltr'>Potius</span> <span class='ocrx_word' id='word_1_257' title='bbox 573 2117 665 2160; x_wconf 75' lang='lat' dir='ltr'>pfft-</span> <span class='ocrx_word' id='word_1_258' title='bbox 713 2118 749 2149; x_wconf 77' lang='lat' dir='ltr'>Si</span> <span class='ocrx_word' id='word_1_259' title='bbox 757 2118 849 2160; x_wconf 78' lang='lat' dir='ltr'>pqffit,</span> <span class='ocrx_word' id='word_1_260' title='bbox 869 2116 891 2148; x_wconf 90' lang='lat' dir='ltr'>i.</span> <span class='ocrx_word' id='word_1_261' title='bbox 912 2128 939 2150; x_wconf 92' lang='lat' dir='ltr'>e.</span> <span class='ocrx_word' id='word_1_262' title='bbox 958 2117 1014 2149; x_wconf 76' lang='lat' dir='ltr'>etsi</span> <span class='ocrx_word' id='word_1_263' title='bbox 1031 2117 1136 2160; x_wconf 86' lang='lat' dir='ltr'>poffit.</span> <span class='ocrx_word' id='word_1_264' title='bbox 1181 2117 1238 2159; x_wconf 81' lang='lat'>(4)</span> <span class='ocrx_word' id='word_1_265' title='bbox 1253 2115 1410 2149; x_wconf 79' lang='lat' dir='ltr'>Ufitatius</span> 
     </span>
     <span class='ocr_line' id='line_1_31' title="bbox 94 2161 1409 2206; baseline 0.002 -14"><span class='ocrx_word' id='word_1_266' title='bbox 94 2161 180 2193; x_wconf 73' lang='lat' dir='ltr'>soret</span> <span class='ocrx_word' id='word_1_267' title='bbox 197 2165 275 2192; x_wconf 79' lang='lat' dir='ltr'>moti.</span> <span class='ocrx_word' id='word_1_268' title='bbox 322 2162 436 2192; x_wconf 78' lang='lat' dir='ltr'>Paullo</span> <span class='ocrx_word' id='word_1_269' title='bbox 459 2162 556 2204; x_wconf 61' lang='lat' dir='ltr'>supra</span> <span class='ocrx_word' id='word_1_270' title='bbox 573 2171 683 2194; x_wconf 79' lang='lat' dir='ltr'>tamen</span> <span class='ocrx_word' id='word_1_271' title='bbox 700 2163 781 2194; x_wconf 83' lang='lat' dir='ltr'>dixit</span> <span class='ocrx_word' id='word_1_272' title='bbox 805 2165 925 2195; x_wconf 79' lang='lat' dir='ltr'>omnibus</span> <span class='ocrx_word' id='word_1_273' title='bbox 948 2168 1068 2206; x_wconf 83' lang='lat' dir='ltr'>quinque</span> <span class='ocrx_word' id='word_1_274' title='bbox 1088 2166 1125 2196; x_wconf 61' lang='lat'>{5³</span> <span class='ocrx_word' id='word_1_275' title='bbox 1141 2167 1266 2206; x_wconf 79' lang='lat' dir='ltr'>triginta</span> <span class='ocrx_word' id='word_1_276' title='bbox 1282 2164 1409 2203; x_wconf 61' lang='lat' dir='ltr'>tribubus</span> 
     </span>
     <span class='ocr_line' id='line_1_32' title="bbox 93 2207 1411 2252; baseline 0.002 -14"><span class='ocrx_word' id='word_1_277' title='bbox 93 2219 239 2238; x_wconf 77' lang='lat' dir='ltr'>emovere.-</span> <span class='ocrx_word' id='word_1_278' title='bbox 272 2207 303 2238; x_wconf 85' lang='lat'>&amp;</span> <span class='ocrx_word' id='word_1_279' title='bbox 323 2217 397 2238; x_wconf 87' lang='lat' dir='ltr'>mox</span> <span class='ocrx_word' id='word_1_280' title='bbox 428 2209 506 2238; x_wconf 81' lang='lat' dir='ltr'>tribu</span> <span class='ocrx_word' id='word_1_281' title='bbox 521 2211 637 2244; x_wconf 63' lang='lat' dir='ltr'>manti,-</span> <span class='ocrx_word' id='word_1_282' title='bbox 664 2208 723 2239; x_wconf 68' lang='lat' dir='ltr'>nisi</span> <span class='ocrx_word' id='word_1_283' title='bbox 738 2208 784 2240; x_wconf 88' lang='lat' dir='ltr'>ibi</span> <span class='ocrx_word' id='word_1_284' title='bbox 802 2219 932 2251; x_wconf 85' lang='lat' dir='ltr'>qnoque</span> <span class='ocrx_word' id='word_1_285' title='bbox 949 2213 1017 2240; x_wconf 73' lang='lat' dir='ltr'>moti</span> <span class='ocrx_word' id='word_1_286' title='bbox 1032 2210 1205 2252; x_wconf 81' lang='lat' dir='ltr'>legendum</span> <span class='ocrx_word' id='word_1_287' title='bbox 1219 2209 1265 2241; x_wconf 80' lang='lat' dir='ltr'>sit.</span> <span class='ocrx_word' id='word_1_288' title='bbox 1315 2210 1411 2241; x_wconf 82' lang='lat' dir='ltr'>Cete-</span> 
     </span>
     <span class='ocr_line' id='line_1_33' title="bbox 94 2252 1411 2296; baseline 0.001 -12"><span class='ocrx_word' id='word_1_289' title='bbox 94 2253 167 2284; x_wconf 76' lang='lat' dir='ltr'>rum</span> <span class='ocrx_word' id='word_1_290' title='bbox 185 2254 250 2284; x_wconf 77' lang='lat' dir='ltr'>haec</span> <span class='ocrx_word' id='word_1_291' title='bbox 270 2252 336 2294; x_wconf 87' lang='lat' dir='ltr'>jam</span> <span class='ocrx_word' id='word_1_292' title='bbox 354 2262 590 2285; x_wconf 81' lang='lat' dir='ltr'>memoraverat</span> <span class='ocrx_word' id='word_1_293' title='bbox 606 2254 720 2285; x_wconf 86' lang='lat' dir='ltr'>Livius</span> <span class='ocrx_word' id='word_1_294' title='bbox 748 2255 770 2286; x_wconf 94' lang='lat' dir='ltr'>l.</span> <span class='ocrx_word' id='word_1_295' title='bbox 788 2264 842 2294; x_wconf 81' lang='lat'>43.</span> <span class='ocrx_word' id='word_1_296' title='bbox 858 2265 886 2286; x_wconf 85' lang='lat' dir='ltr'>c.</span> <span class='ocrx_word' id='word_1_297' title='bbox 906 2264 944 2294; x_wconf 85' lang='lat'>15</span> <span class='ocrx_word' id='word_1_298' title='bbox 965 2255 997 2286; x_wconf 70' lang='lat' dir='ltr'>«Se</span> <span class='ocrx_word' id='word_1_299' title='bbox 1016 2256 1067 2286; x_wconf 86' lang='lat'>16.</span> <span class='ocrx_word' id='word_1_300' title='bbox 1115 2255 1176 2286; x_wconf 88' lang='lat' dir='ltr'>Sed</span> <span class='ocrx_word' id='word_1_301' title='bbox 1203 2253 1258 2286; x_wconf 71' lang='lat' dir='ltr'>hic</span> <span class='ocrx_word' id='word_1_302' title='bbox 1282 2253 1411 2296; x_wconf 83' lang='lat' dir='ltr'>supplet</span> 
     </span>
     <span class='ocr_line' id='line_1_34' title="bbox 94 2298 1412 2341; baseline 0 -11"><span class='ocrx_word' id='word_1_303' title='bbox 94 2309 146 2336; x_wconf 85' lang='lat' dir='ltr'>ea,</span> <span class='ocrx_word' id='word_1_304' title='bbox 161 2309 234 2340; x_wconf 82' lang='lat' dir='ltr'>quae</span> <span class='ocrx_word' id='word_1_305' title='bbox 252 2298 317 2329; x_wconf 87' lang='lat' dir='ltr'>illic</span> <span class='ocrx_word' id='word_1_306' title='bbox 330 2299 491 2330; x_wconf 81' lang='lat' dir='ltr'>omiierat.</span> <span class='ocrx_word' id='word_1_307' title='bbox 541 2302 598 2340; x_wconf 82' lang='lat'>(5)</span> <span class='ocrx_word' id='word_1_308' title='bbox 616 2300 727 2331; x_wconf 73' lang='lat' dir='ltr'>Potius</span> <span class='ocrx_word' id='word_1_309' title='bbox 740 2307 867 2331; x_wconf 77' lang='lat' dir='ltr'>notarat.</span> <span class='ocrx_word' id='word_1_310' title='bbox 914 2301 1069 2332; x_wconf 74' lang='lat' dir='ltr'>Ceterum</span> <span class='ocrx_word' id='word_1_311' title='bbox 1086 2299 1152 2332; x_wconf 87' lang='lat' dir='ltr'>vid.</span> <span class='ocrx_word' id='word_1_312' title='bbox 1169 2300 1343 2341; x_wconf 79' lang='lat' dir='ltr'>§censoria</span> <span class='ocrx_word' id='word_1_313' title='bbox 1355 2311 1412 2330; x_wconf 68' lang='lat' dir='ltr'>noo</span> 
     </span>
     <span class='ocr_line' id='line_1_35' title="bbox 96 2343 1414 2388; baseline 0 -14"><span class='ocrx_word' id='word_1_314' title='bbox 96 2343 188 2375; x_wconf 77' lang='lat' dir='ltr'>tatio.</span> <span class='ocrx_word' id='word_1_315' title='bbox 203 2345 261 2385; x_wconf 88' lang='lat'>(6)</span> <span class='ocrx_word' id='word_1_316' title='bbox 278 2345 462 2376; x_wconf 84' lang='lat' dir='ltr'>Crevierius</span> <span class='ocrx_word' id='word_1_317' title='bbox 483 2344 622 2377; x_wconf 78' lang='lat' dir='ltr'>malebat</span> <span class='ocrx_word' id='word_1_318' title='bbox 638 2349 708 2376; x_wconf 81' lang='lat' dir='ltr'>anni</span> <span class='ocrx_word' id='word_1_319' title='bbox 724 2348 760 2378; x_wconf 52' lang='grc' dir='ltr'>εἴ</span> <span class='ocrx_word' id='word_1_320' title='bbox 773 2349 817 2377; x_wconf 78' lang='lat' dir='ltr'>vi.</span> <span class='ocrx_word' id='word_1_321' title='bbox 831 2346 970 2388; x_wconf 76' lang='lat' dir='ltr'>menfium.</span> <span class='ocrx_word' id='word_1_322' title='bbox 995 2347 1124 2387; x_wconf 87' lang='lat' dir='ltr'>Nempe</span> <span class='ocrx_word' id='word_1_323' title='bbox 1146 2356 1249 2387; x_wconf 89' lang='lat' dir='ltr'>quum</span> <span class='ocrx_word' id='word_1_324' title='bbox 1266 2344 1414 2378; x_wconf 66' lang='lat' dir='ltr'>censores</span> 
     </span>
     <span class='ocr_line' id='line_1_36' title="bbox 96 2388 1414 2433; baseline 0.002 -14"><span class='ocrx_word' id='word_1_325' title='bbox 96 2388 183 2420; x_wconf 85' lang='lat' dir='ltr'>intra</span> <span class='ocrx_word' id='word_1_326' title='bbox 197 2389 273 2420; x_wconf 78' lang='lat' dir='ltr'>anni</span> <span class='ocrx_word' id='word_1_327' title='bbox 291 2390 322 2419; x_wconf 65' lang='lat' dir='ltr'>S:</span> <span class='ocrx_word' id='word_1_328' title='bbox 337 2389 388 2420; x_wconf 87' lang='lat' dir='ltr'>sex</span> <span class='ocrx_word' id='word_1_329' title='bbox 404 2389 559 2421; x_wconf 66' lang='lat' dir='ltr'>mensium</span> <span class='ocrx_word' id='word_1_330' title='bbox 568 2389 716 2432; x_wconf 84' lang='lat' dir='ltr'>spatium,</span> <span class='ocrx_word' id='word_1_331' title='bbox 734 2402 798 2433; x_wconf 91' lang='lat' dir='ltr'>quo</span> <span class='ocrx_word' id='word_1_332' title='bbox 811 2392 944 2423; x_wconf 84' lang='lat' dir='ltr'>censura</span> <span class='ocrx_word' id='word_1_333' title='bbox 960 2390 1146 2428; x_wconf 85' lang='lat' dir='ltr'>finiebatur,</span> <span class='ocrx_word' id='word_1_334' title='bbox 1159 2402 1225 2422; x_wconf 89' lang='lat' dir='ltr'>non</span> <span class='ocrx_word' id='word_1_335' title='bbox 1238 2388 1414 2432; x_wconf 72' lang='lat' dir='ltr'>potuissent</span> 
     </span>
     <span class='ocr_line' id='line_1_37' title="bbox 99 2433 1413 2479; baseline 0.002 -16"><span class='ocrx_word' id='word_1_336' title='bbox 99 2434 130 2464; x_wconf 71' lang='grc' dir='ltr'>ὅ(</span> <span class='ocrx_word' id='word_1_337' title='bbox 142 2433 226 2464; x_wconf 78' lang='lat' dir='ltr'>sarra</span> <span class='ocrx_word' id='word_1_338' title='bbox 237 2434 322 2465; x_wconf 68' lang='lat' dir='ltr'>te&amp;a</span> <span class='ocrx_word' id='word_1_339' title='bbox 337 2435 506 2477; x_wconf 79' lang='lat' dir='ltr'>exigere‚&amp;</span> <span class='ocrx_word' id='word_1_340' title='bbox 520 2447 615 2478; x_wconf 76' lang='lat' dir='ltr'>opera</span> <span class='ocrx_word' id='word_1_341' title='bbox 632 2447 704 2477; x_wconf 87' lang='lat' dir='ltr'>quae</span> <span class='ocrx_word' id='word_1_342' title='bbox 714 2436 866 2468; x_wconf 70' lang='lat' dir='ltr'>locassent</span> <span class='ocrx_word' id='word_1_343' title='bbox 880 2437 1031 2479; x_wconf 83' lang='lat' dir='ltr'>probare.</span> <span class='ocrx_word' id='word_1_344' title='bbox 1044 2436 1259 2478; x_wconf 77' lang='lat' dir='ltr'>postulabant,</span> <span class='ocrx_word' id='word_1_345' title='bbox 1273 2442 1309 2466; x_wconf 88' lang='lat' dir='ltr'>ut</span> <span class='ocrx_word' id='word_1_346' title='bbox 1320 2445 1413 2466; x_wconf 83' lang='lat' dir='ltr'>exae-</span> 
     </span>
     <span class='ocr_line' id='line_1_38' title="bbox 98 2479 1414 2523; baseline 0.002 -14"><span class='ocrx_word' id='word_1_347' title='bbox 98 2488 134 2509; x_wconf 83' lang='lat' dir='ltr'>to</span> <span class='ocrx_word' id='word_1_348' title='bbox 146 2479 329 2521; x_wconf 80' lang='lat' dir='ltr'>magistratu</span> <span class='ocrx_word' id='word_1_349' title='bbox 343 2489 576 2522; x_wconf 80' lang='lat' dir='ltr'>prorogaretur</span> <span class='ocrx_word' id='word_1_350' title='bbox 589 2481 646 2512; x_wconf 83' lang='lat' dir='ltr'>fibi</span> <span class='ocrx_word' id='word_1_351' title='bbox 661 2490 800 2523; x_wconf 75' lang='lat' dir='ltr'>tempus,</span> <span class='ocrx_word' id='word_1_352' title='bbox 815 2493 880 2513; x_wconf 91' lang='lat' dir='ltr'>non</span> <span class='ocrx_word' id='word_1_353' title='bbox 899 2493 963 2523; x_wconf 89' lang='lat' dir='ltr'>quo</span> <span class='ocrx_word' id='word_1_354' title='bbox 980 2490 1081 2513; x_wconf 82' lang='lat' dir='ltr'>totam</span> <span class='ocrx_word' id='word_1_355' title='bbox 1094 2479 1234 2512; x_wconf 81' lang='lat' dir='ltr'>censurae</span> <span class='ocrx_word' id='word_1_356' title='bbox 1245 2479 1311 2511; x_wconf 78' lang='lat' dir='ltr'>vim</span> <span class='ocrx_word' id='word_1_357' title='bbox 1325 2487 1414 2517; x_wconf 75' lang='lat' dir='ltr'>tene-</span> 
     </span>
     <span class='ocr_line' id='line_1_39' title="bbox 97 2525 1413 2568; baseline 0.001 -13"><span class='ocrx_word' id='word_1_358' title='bbox 97 2533 184 2563; x_wconf 82' lang='lat' dir='ltr'>rent,</span> <span class='ocrx_word' id='word_1_359' title='bbox 197 2525 251 2556; x_wconf 85' lang='lat' dir='ltr'>sed</span> <span class='ocrx_word' id='word_1_360' title='bbox 265 2533 341 2556; x_wconf 85' lang='lat' dir='ltr'>cum</span> <span class='ocrx_word' id='word_1_361' title='bbox 357 2526 511 2566; x_wconf 68' lang='lat' dir='ltr'>potest-*ite</span> <span class='ocrx_word' id='word_1_362' title='bbox 521 2525 617 2557; x_wconf 77' lang='lat' dir='ltr'>essent</span> <span class='ocrx_word' id='word_1_363' title='bbox 634 2528 675 2558; x_wconf 86' lang='lat' dir='ltr'>ad</span> <span class='ocrx_word' id='word_1_364' title='bbox 689 2527 757 2558; x_wconf 84' lang='lat' dir='ltr'>haec</span> <span class='ocrx_word' id='word_1_365' title='bbox 771 2538 843 2568; x_wconf 88' lang='lat' dir='ltr'>quae</span> <span class='ocrx_word' id='word_1_366' title='bbox 859 2527 1046 2568; x_wconf 80' lang='lat' dir='ltr'>supererant</span> <span class='ocrx_word' id='word_1_367' title='bbox 1063 2526 1269 2568; x_wconf 85' lang='lat' dir='ltr'>perficienda.</span> <span class='ocrx_word' id='word_1_368' title='bbox 1316 2525 1413 2561; x_wconf 73' lang='lat' dir='ltr'>Hane</span> 
     </span>
     <span class='ocr_line' id='line_1_40' title="bbox 96 2570 1414 2613; baseline 0 -11"><span class='ocrx_word' id='word_1_369' title='bbox 96 2578 208 2602; x_wconf 80' lang='lat' dir='ltr'>autern</span> <span class='ocrx_word' id='word_1_370' title='bbox 226 2571 493 2613; x_wconf 83' lang='lat' dir='ltr'>prorogationem</span> <span class='ocrx_word' id='word_1_371' title='bbox 509 2570 680 2613; x_wconf 82' lang='lat' dir='ltr'>postulaffe</span> <span class='ocrx_word' id='word_1_372' title='bbox 692 2571 859 2609; x_wconf 79' lang='lat' dir='ltr'>videntur,</span> <span class='ocrx_word' id='word_1_373' title='bbox 882 2580 919 2603; x_wconf 86' lang='lat' dir='ltr'>ut</span> <span class='ocrx_word' id='word_1_374' title='bbox 937 2571 1181 2613; x_wconf 84' lang='lat' dir='ltr'>compensarent</span> <span class='ocrx_word' id='word_1_375' title='bbox 1197 2579 1327 2613; x_wconf 83' lang='lat' dir='ltr'>tempus</span> <span class='ocrx_word' id='word_1_376' title='bbox 1337 2570 1414 2602; x_wconf 62' lang='lat' dir='ltr'>inu&lt;</span> 
     </span>
     <span class='ocr_line' id='line_1_41' title="bbox 97 2615 1416 2659; baseline 0 -12"><span class='ocrx_word' id='word_1_377' title='bbox 97 2616 201 2647; x_wconf 80' lang='lat' dir='ltr'>tiliter</span> <span class='ocrx_word' id='word_1_378' title='bbox 217 2615 371 2657; x_wconf 82' lang='lat' dir='ltr'>elapsum,</span> <span class='ocrx_word' id='word_1_379' title='bbox 395 2627 497 2658; x_wconf 90' lang='lat' dir='ltr'>quum</span> <span class='ocrx_word' id='word_1_380' title='bbox 514 2616 546 2647; x_wconf 87' lang='lat' dir='ltr'>in</span> <span class='ocrx_word' id='word_1_381' title='bbox 572 2615 711 2648; x_wconf 83' lang='lat' dir='ltr'>comitiis</span> <span class='ocrx_word' id='word_1_382' title='bbox 728 2616 959 2658; x_wconf 83' lang='lat' dir='ltr'>perduellionis</span> <span class='ocrx_word' id='word_1_383' title='bbox 975 2617 1222 2650; x_wconf 86' lang='lat' dir='ltr'>accusarentur:</span> <span class='ocrx_word' id='word_1_384' title='bbox 1249 2627 1308 2659; x_wconf 86' lang='lat' dir='ltr'>per</span> <span class='ocrx_word' id='word_1_385' title='bbox 1322 2616 1416 2659; x_wconf 52' lang='lat' dir='ltr'>quot}</span> 
     </span>
     <span class='ocr_line' id='line_1_42' title="bbox 97 2661 1416 2706; baseline 0.002 -14"><span class='ocrx_word' id='word_1_386' title='bbox 97 2669 232 2703; x_wconf 79' lang='lat' dir='ltr'>tempus</span> <span class='ocrx_word' id='word_1_387' title='bbox 244 2672 298 2693; x_wconf 82' lang='lat' dir='ltr'>eos</span> <span class='ocrx_word' id='word_1_388' title='bbox 310 2661 391 2693; x_wconf 85' lang='lat' dir='ltr'>nihil</span> <span class='ocrx_word' id='word_1_389' title='bbox 406 2662 528 2704; x_wconf 86' lang='lat' dir='ltr'>publici</span> <span class='ocrx_word' id='word_1_390' title='bbox 542 2661 662 2704; x_wconf 84' lang='lat' dir='ltr'>negotii</span> <span class='ocrx_word' id='word_1_391' title='bbox 679 2661 810 2704; x_wconf 81' lang='lat' dir='ltr'>geffifl&#39;e,</span> <span class='ocrx_word' id='word_1_392' title='bbox 820 2662 954 2694; x_wconf 74' lang='lat' dir='ltr'>tradIdit</span> <span class='ocrx_word' id='word_1_393' title='bbox 971 2661 1085 2695; x_wconf 85' lang='lat' dir='ltr'>Livius</span> <span class='ocrx_word' id='word_1_394' title='bbox 1097 2661 1194 2706; x_wconf 67' lang='lat' dir='ltr'>supra</span> <span class='ocrx_word' id='word_1_395' title='bbox 1210 2662 1232 2694; x_wconf 88' lang='lat' dir='ltr'>l.</span> <span class='ocrx_word' id='word_1_396' title='bbox 1249 2671 1305 2702; x_wconf 79' lang='lat'>43.</span> <span class='ocrx_word' id='word_1_397' title='bbox 1318 2673 1346 2694; x_wconf 88' lang='lat' dir='ltr'>e.</span> <span class='ocrx_word' id='word_1_398' title='bbox 1359 2661 1416 2694; x_wconf 68' lang='lat'>160&#39;</span> 
     </span>
     <span class='ocr_line' id='line_1_43' title="bbox 98 2706 1413 2752; baseline 0.002 -15"><span class='ocrx_word' id='word_1_399' title='bbox 98 2708 171 2738; x_wconf 84' lang='lat' dir='ltr'>Vox</span> <span class='ocrx_word' id='word_1_400' title='bbox 194 2709 317 2752; x_wconf 72' lang='lat' dir='ltr'>himer-fic</span> <span class='ocrx_word' id='word_1_401' title='bbox 338 2708 446 2739; x_wconf 88' lang='lat' dir='ltr'>dubiae</span> <span class='ocrx_word' id='word_1_402' title='bbox 474 2707 664 2739; x_wconf 80' lang='lat' dir='ltr'>Latinitatis</span> <span class='ocrx_word' id='word_1_403' title='bbox 684 2707 738 2739; x_wconf 90' lang='lat' dir='ltr'>est.</span> <span class='ocrx_word' id='word_1_404' title='bbox 783 2710 840 2749; x_wconf 89' lang='lat'>(7)</span> <span class='ocrx_word' id='word_1_405' title='bbox 861 2709 986 2750; x_wconf 89' lang='lat' dir='ltr'>Nempe</span> <span class='ocrx_word' id='word_1_406' title='bbox 1013 2710 1125 2751; x_wconf 79' lang='lat' dir='ltr'>Junom‘</span> <span class='ocrx_word' id='word_1_407' title='bbox 1150 2709 1290 2742; x_wconf 61' lang='grc' dir='ltr'>Μαικία.</span> <span class='ocrx_word' id='word_1_408' title='bbox 1337 2706 1413 2745; x_wconf 62' lang='lat' dir='ltr'>vid.</span> 
     </span>
     <span class='ocr_line' id='line_1_44' title="bbox 99 2751 1038 2797; baseline 0.002 -11"><span class='ocrx_word' id='word_1_409' title='bbox 99 2751 196 2797; x_wconf 65' lang='lat' dir='ltr'>supra</span> <span class='ocrx_word' id='word_1_410' title='bbox 209 2752 229 2784; x_wconf 85' lang='lat'>1.</span> <span class='ocrx_word' id='word_1_411' title='bbox 246 2763 298 2791; x_wconf 85' lang='lat'>42.</span> <span class='ocrx_word' id='word_1_412' title='bbox 314 2764 339 2785; x_wconf 80' lang='lat' dir='ltr'>c.</span> <span class='ocrx_word' id='word_1_413' title='bbox 355 2763 383 2794; x_wconf 78' lang='lat'>7.</span> <span class='ocrx_word' id='word_1_414' title='bbox 415 2755 489 2786; x_wconf 84' lang='lat' dir='ltr'>Vox</span> <span class='ocrx_word' id='word_1_415' title='bbox 505 2755 633 2788; x_wconf 66' lang='lat' dir='ltr'>Mmtae</span> <span class='ocrx_word' id='word_1_416' title='bbox 645 2752 777 2788; x_wconf 80' lang='lat' dir='ltr'>videtur</span> <span class='ocrx_word' id='word_1_417' title='bbox 791 2754 868 2787; x_wconf 82' lang='lat' dir='ltr'>hinc</span> <span class='ocrx_word' id='word_1_418' title='bbox 879 2753 1038 2796; x_wconf 72' lang='lat' dir='ltr'>excidiffe.</span> 
     </span>
    </p>
   </div>
  </div>
 </body>
</html>
