1830 3131
101 216 182 269 278

776 210 1171 253 EPITOME

753 375 974 417 LIBRI
1040 377 1224 417 LXXV.

327 465 685 544 A.Postumius
725 493 900 536 Albinus
933 495 1105 550 legatus,
1137 507 1264 545 quum
1307 492 1410 534 classi
1450 492 1649 547 praeeffet,

327 552 495 597 infamis
516 553 686 594 crimine
719 554 977 608 proditionis,
1009 552 1059 593 ab
1095 553 1276 593 exercitu
1311 552 1382 593 suo
1404 550 1647 593 interfee'tus

328 613 402 655 est.
424 613 472 654 L.
498 611 716 654 Cornelius
739 612 852 652 Sulla
874 614 1031 668 legatus
1059 610 1264 652 Samnites
1287 611 1433 666 proelio
1456 610 1571 660 vicit,
1605 613 1648 652 &

328 672 425 713 bina
447 670 576 712 castra
596 685 740 712 eorum
769 671 1030 727 expugnavit.
1091 669 1170 710 Cn.
1207 672 1426 724 Pompeius
1457 669 1651 710 Vestinos

329 732 374 773 in
396 729 648 771 deditionem
682 730 852 786 accepit.
917 730 965 770 L.
996 729 1166 771 Porcius
1201 729 1356 778 consul,
1386 727 1507 770 rebus
1540 727 1652 783 pros-

330 803 426 846 pere
448 788 586 844 gestis,
619 788 796 843 fusisque
817 789 1033 844 aliquoties
1062 788 1214 837 Variis,
1246 788 1345 828 dum
1362 787 1490 829 castra
1508 800 1653 827 eorum

330 857 558 902 expugnat,
591 847 751 889 cecidit.
774 861 822 888 ea
857 862 920 888 res
953 845 1134 888 hostibus
1174 846 1387 888 vietoriam
1410 847 1498 901 ejus
1518 844 1654 900 proelii

332 906 460 948 dedit.
523 905 750 946 Cosconius
793 909 831 947 &
876 905 1078 946 Lucceius
1118 905 1324 947 Samnites
1346 907 1429 946 acie
1453 905 1656 954 vicerunt,

330 964 522 1007 Marium
550 964 790 1019 Egnatium,
821 964 1109 1005 nobilissimum
1148 964 1325 1005 hostiurn
1350 965 1516 1015 ducem,
1548 962 1658 1004 occi·

333 1024 498 1072 derunt,
530 1024 826 1078 compluraque
859 1037 1001 1064 eorum
1024 1023 1173 1078 oppida
1196 1024 1236 1063 in
1270 1023 1521 1064 deditionem
1541 1034 1658 1063 acce-

332 1090 497 1137 perunt.
556 1081 608 1123 L.
650 1081 765 1123 Sulla
812 1082 1012 1137 Hirpinos
1054 1082 1229 1130 domuit,
1275 1081 1480 1123 Samnites
1518 1080 1658 1121 multis

333 1140 491 1197 proeliis
538 1139 663 1192 fudit,
694 1141 851 1196 aliquot
887 1142 1059 1195 populos
1100 1141 1269 1194 recepit:
1304 1139 1544 1195 quantisque
1564 1136 1658 1180 raro

333 1198 552 1254 quisquam
573 1200 676 1241 alius
698 1214 791 1240 ante
814 1200 1069 1240 consulatum
1093 1198 1214 1239 rebus
1246 1200 1382 1256 gestis,
1415 1200 1465 1239 ad
1495 1198 1660 1253 petitio·

335 1272 434 1302 nem
454 1256 689 1301 consulatus
711 1259 892 1301 Romam
913 1257 971 1299 est
991 1256 1219 1314 profeElzus.

759 1401 881 1442 LIB
904 1400 979 1440 Rl
1046 1399 1256 1441 LXXVI.

338 1490 447 1566 A.
467 1515 668 1558 Gabinius
688 1515 861 1570 legatus,
893 1515 1014 1556 rebus
1035 1516 1179 1555 advers
1181 1515 1228 1556 Cis
1265 1517 1457 1560 Lucanos
1477 1516 1667 1573 prospere

338 1575 478 1631 gestis,
513 1577 551 1616 &
589 1573 773 1630 pluribus
795 1574 956 1629 oppidis
978 1576 1236 1629 expugnatis,
1268 1575 1309 1616 in
1346 1577 1553 1619 obsidione
1584 1575 1670 1616 cas·

340 1645 500 1675 trorum
521 1632 730 1674 hostilium
767 1633 927 1673 cecidit.
989 1633 1196 1688 Sulpicius
1226 1636 1383 1690 legatus
1405 1634 1668 1675 Marrucinos

342 1691 509 1743 cecidit,
541 1701 752 1745 totamque
774 1705 862 1732 eam
886 1692 1094 1747 regionem
1116 1693 1281 1747 recepit.
1343 1693 1422 1735 Cn.
1445 1692 1670 1747 Pompeius

343 1750 563 1807 proconsul
599 1750 792 1791 Vestinos
834 1754 874 1792 δι
917 1751 1106 1804 pelignos
1147 1751 1187 1790 in
1211 1752 1462 1793 deditionem
1497 1751 1666 1806 accepit.

346 1810 474 1850 Marii
499 1823 680 1862 quoque,
713 1825 734 1848 a
775 1809 823 1849 L.
849 1808 1035 1849 Muraenzi
1080 1811 1117 1850 8<
1155 1810 1324 1851 Caecilio
1355 1811 1483 1851 Pinna
1525 1809 1668 1866 legatis

348 1869 504 1921 aliquot
525 1868 680 1922 proeliis
703 1867 840 1916 fraessti,
873 1881 1014 1922 pacem
1050 1868 1267 1922 petierunt.
1330 1869 1524 1910 Asculum
1547 1884 1570 1909 a
1591 1868 1673 1911 Cn.

348 1926 548 1981 Pompeio
577 1936 744 1980 captum
785 1927 860 1975 est,
892 1927 1002 1967 caefis
1027 1929 1066 1968 δι
1103 1942 1125 1967 a
1167 1929 1299 1970 Mam.
1344 1928 1516 1968 AEmilio
1539 1928 1673 1983 legato

349 1985 516 2025 Italicis.
577 1985 664 2026 Silo
687 1984 962 2039 Pompaedius‚
995 1986 1081 2026 dux
1106 1986 1359 2038 Marsorum,
1381 1986 1527 2028 auCtor
1548 1987 1674 2043 hujus

350 2043 426 2093 rei,
458 2043 500 2082 in
522 2043 667 2098 proelio
709 2043 869 2084 cecidit.
934 2043 1237 2085 Ariobarzanes
1273 2045 1561 2101 Cappadociae,
1597 2045 1676 2086 Ni-

352 2103 549 2142 comedes
585 2101 790 2157 Bithyniae
826 2116 952 2157 regno
996 2119 1017 2143 a
1049 2103 1292 2145 Mithridate
1315 2105 1435 2147 Ponti
1456 2118 1551 2161 rege
1573 2102 1678 2159 pulsi

354 2159 461 2202 sunt.
522 2160 723 2201 Praeterea
755 2161 1002 2204 incursiones
1042 2162 1260 2206 Thracum
1300 2163 1342 2204 in
1385 2163 1675 2206 Macedoniam

355 2218 722 2276 populationesque
743 2219 937 2261 continet.

764 2359 798 2400 L
815 2361 834 2400 Ι
852 2360 885 2400 Β
907 2360 946 2402 R
966 2361 982 2401 1
1051 2362 1284 2404 LXXVII.

362 2449 591 2539 QUUM
612 2474 660 2515 P.
681 2474 889 2531 Sulpicius
915 2478 1102 2521 tribunus
1136 2478 1283 2534 plebis,
1314 2478 1483 2522 auetore
1505 2478 1562 2521 C·
1586 2478 1682 2520 Ma-

361 2535 440 2586 rio,
471 2533 716 2589 perniciosas
755 2536 864 2593 leges
905 2539 1206 2594 promulgasset,
1237 2547 1280 2578 ut
1306 2539 1443 2593 exsules
1463 2551 1683 2578 revocaren-

363 2601 447 2643 tur,
482 2593 534 2634 {525³
554 2594 644 2633 novi
682 2595 784 2634 cives
815 2595 1048 2651 libertinique
1066 2598 1375 2654 distribuerentur
1392 2598 1432 2636 in
1448 2596 1588 2645 tribus,
1628 2595 1682 2637 {5'

366 2659 409 2690 ut
433 2650 488 2690 M
492 2652 600 2690 arius
616 2651 796 2707 adverfics
820 2652 1090 2696 Mithridatem
1113 2656 1227 2696 Ponti
1243 2670 1363 2709 regem
1378 2655 1456 2695 dux
1470 2661 1682 2703 crearetur,

366 2709 406 2750 ἃ
427 2708 730 2751 adversantibus
751 2710 982 2755 consulibus
1005 2715 1059 2771 Q.
1096 2713 1294 2769 Pompeio
1325 2714 1365 2755 δε
1385 2712 1434 2754 L.
1451 2711 1581 2811 331112ε1
1586 2712 1681 2811 'iiim

1476 2779 1595 2811 intui
1629 2779 1685 2821 et,
