1804 3121
83 239 163 273 102
785 223 842 268 T.
901 222 1123 269 L1V11

300 339 478 384 Thessali
493 339 782 398 quadringenti
797 341 954 396 equites
975 354 1099 397 parvo
1114 339 1328 382 intervallo
1345 340 1463 396 super
1479 343 1542 396 (8)
1558 340 1630 384 lae·-

303 415 403 442 vum
433 415 562 443 cornu
591 400 724 441 locati.
784 400 991 442 Eumenes
1014 414 1084 439 rex
1121 399 1363 454 Attalusque
1388 414 1484 441 cum
1515 399 1630 441 omni

307 474 432 501 manu
463 459 533 501 sua
572 458 621 500 ab
655 468 770 516 tergo
804 460 908 501 inter
941 458 1187 514 postremam
1226 458 1355 500 aciem
1388 473 1434 500 ac
1475 460 1630 500 vallum

309 518 519 561 steterunt.

368 577 480 619 LIX.
512 577 558 618 In
592 576 702 618 hunc
731 577 901 617 modum
934 575 1113 617 maxime
1154 574 1364 617 instruCtae
1399 575 1522 626 acies,
1557 588 1632 630 par

311 635 440 678 ferme
463 635 656 690 utrinque
678 649 874 678 numerus
894 634 1079 689 equitum
1097 649 1142 676 ac
1163 633 1263 676 levis
1285 644 1518 687 armaturae,
1534 648 1634 675 con-

312 706 500 745 currunt,
538 709 559 735 a
584 693 858 736 funditoribus
897 693 1287 750 jaculatoribusque,
1323 693 1395 748 qui
1428 693 1634 749 praecesse-

94 768 244 804 trellum.
310 765 423 805 runt,
444 753 590 809 proelio
621 762 729 794 orto.
761 752 885 794 ani
922 752 1109 792 omnium
1142 752 1342 800 Thraces
1374 750 1485 793 haud
1518 751 1632 793 secus

311 826 436 867 quarn
459 812 531 852 diu
554 813 589 865 (ι
601 800 814 864 )cla1isttis
829 821 998 852 retentae
1014 811 1124 857 ferae
1145 810 1340 852 concitati
1361 824 1456 851 cum
1475 808 1632 866 ingenti

310 873 488 913 clamore
517 870 559 909 in
579 870 624 909 d
624 879 770 910 xtrum
792 883 936 919 cornu,
966 870 1127 910 Italicos
1149 869 1324 924 equites,
1342 867 1632 917 incurrerunt3

310 939 358 970 ut
379 929 451 969 usu
473 928 569 969 belii
592 928 664 969 &'
656 928 820 982 ingenio
850 927 1052 982 impavida
1075 943 1174 984 gens
1197 927 1442 970 turbaretur.
1465 929 1527 982 (2)
1548 926 1636 982 gla-

312 988 389 1028 diis
405 987 537 1028 hastas
551 997 686 1040 petere
702 987 872 1041 pedites,
890 1001 1002 1028 nunc
1024 986 1229 1028 succidere
1243 1000 1360 1028 crura
1375 985 1509 1040 equis,
1523 998 1635 1027 nunc

310 1046 379 1087 ilia
412 1044 612 1086 suffodere
642 1047 714 1099 (3).
752 1044 934 1094 Perseus,
967 1044 1011 1085 in
1052 1046 1229 1087 mediam
1265 1043 1454 1086 invectus
1489 1043 1639 1098 aciem,

314 1106 376 1158 (4)
396 1103 567 1144 Graecos
589 1102 723 1157 primo
738 1103 895 1159 impetu
916 1103 1060 1145 avertit
1078 1119 1088 1145 ε
1117 1104 1266 1159 quibus
1287 1117 1416 1158 quum
1438 1101 1570 1158 gravis
1585 1103 1640 1145 ab

312 1170 430 1218 tergo
455 1161 619 1202 instaret
639 1160 789 1203 hostis·
780 1191 793 1212 ,
824 1161 1109 1204 Thessalorum
1139 1163 1359 1218 equitatus,
1395 1162 1467 1216 qui
1488 1175 1511 1202 a
1532 1162 1637 1204 laevo

313 1234 445 1262 cornu
488 1219 598 1260 brevi
634 1219 761 1290 spatio
791 1220 1023 1276 disjunfiws
1061 1221 1105 1261 in
1138 1220 1321 1262 subsidiis
1348 1221 1484 1262 {uerat
1519 1230 1638 1261 extra

312 1278 576 1330 concursum,
611 1275 747 1334 primo
781 1278 986 1334 speetator
1009 1279 1258 1347 certaminis,
1289 1278 1453 1328 deinde,
1474 1281 1511 1331 4
1502 1277 1638 1320 incli-

313 1337 409 1378 nata
422 1350 481 1387 re,
501 1337 683 1378 maximo
704 1337 792 1378 usui
814 1337 906 1378 fuit.
949 1337 1153 1379 Cedentes
1173 1339 1282 1379 enim
1304 1336 1447 1378 sensim
1464 1337 1636 1394 integris

313 1394 544 1444 ordinibus,
564 1395 779 1450 postquam
800 1395 838 1437 se
859 1396 1056 1439 Eumenis
1079 1396 1242 1437 auxiliis
1264 1396 1556 1451 adjunxerunt,
1595 1398 1636 1438 δε

313 1467 412 1494 cum
433 1468 482 1494 eo
504 1463 640 1494 tutum
659 1454 764 1494 inter
785 1454 948 1496 ordines
970 1455 1063 1496 suos
1080 1463 1292 1511 receptum
1314 1454 1428 1495 sociis
1447 1453 1546 1510 fuga
1561 1454 1642 1496 dis-

314 1511 449 1567 fipatis
471 1511 638 1564 dabant,
660 1514 716 1562 &,
739 1526 869 1566 quum
891 1514 1027 1555 minus
1054 1512 1228 1554 conferti
1259 1512 1393 1554 hostes
1427 1513 1641 1567 instarent,

314 1571 506 1627 progredi
545 1570 669 1610 etiam
709 1570 809 1622 auli,
849 1573 1003 1613 multos
1035 1571 1282 1627 fugientium
1305 1571 1448 1613 obvios
1469 1585 1643 1628 excepe-

314 1640 426 1671 runt.
485 1628 576 1670 Nec
597 1628 713 1684 regii,
731 1632 794 1684 (5)
813 1629 926 1684 sparsi
944 1631 1030 1687 jam
1053 1630 1122 1685 ipfi
1139 1630 1277 1685 passim
1299 1629 1522 1685 sequend0,
1543 1643 1641 1673 cum

315 1688 514 1729 ordinatis
545 1689 583 1729 &
626 1697 738 1728 certo
767 1688 1051 1730 incedentibus
1083 1691 1212 1745 gradu
1247 1703 1393 1731 manus
1428 1689 1639 1732 conserere

92 1773 158 1806 Rex
176 1769 289 1815 equestri
315 1746 531 1787 audebant.
593 1745 753 1803 Qum,
785 1748 848 1802 (6)
870 1746 1002 1789 vietor
1030 1747 1207 1801 equestri
1233 1748 1380 1803 proelio
1411 1762 1481 1788 rex
1510 1761 1639 1803 parvo

89 1820 296 1860 pmmvfflvr.
317 1815 525 1845 momento
549 1804 573 1845 fi
597 1804 820 1860 adjuviffet,
842 1805 1088 1847 debellatum
1118 1806 1226 1855 effet,
1247 1804 1476 1861 opportune
1494 1805 1646 1848 adhor-

317 1863 419 1904 tanti
455 1863 684 1918 supervenit
723 1862 917 1917 phalanx,
948 1879 1071 1919 quam
1113 1864 1180 1905 sua
1215 1865 1372 1920 sponte,
1408 1879 1459 1906 ne
1495 1864 1640 1906 audaci

317 1931 457 1977 coepto
491 1920 685 1972 deessent,
744 1921 920 1977 Hippias
967 1927 1006 1965 δι
1045 1923 1253 1965 Leonatus
1287 1923 1435 1978 raptim
1463 1924 1645 1964 adduxe-

318 1991 426 2029 rant,
479 1979 694 2035 postquam
717 1980 905 2036 prospere
931 1982 1124 2038 pugnaffe
1160 1982 1343 2038 equitem
1380 1993 1639 2037 acceperunt.

319 2039 573 2080 Flufituante
595 2052 688 2094 rege
711 2038 816 2081 inter
851 2039 961 2095 spem
995 2051 1236 2096 metumque
1258 2050 1381 2082 tantae
1411 2041 1468 2081 rei
1490 2054 1643 2082 conan-

322 2098 399 2148 dae,
436 2096 640 2140 Cretensis
677 2097 882 2149 Euander,
931 2113 1015 2154 quo
1052 2099 1237 2141 ministro
1277 2099 1452 2155 Delphis
1491 2100 1542 2140 ad
1578 2099 1642 2139 in-

1521 2156 1639 2200 {idias

317 2295 399 2326 quos
425 2285 583 2329 Polybius
609 2292 707 2317 vocat
741 2291 911 2317 επιλεκτων
939 2294 1114 2326 amasne-01,
1136 2301 1171 2320 ex
1196 2290 1434 2320 extraordinariis
1457 2290 1565 2326 delecti,
1581 2287 1640 2330 qui

317 2332 446 2373 semper
463 2332 496 2362 in
514 2330 675 2369 castris‚in
688 2330 824 2373 agmine,
839 2332 1025 2367 consulibus
1048 2334 1165 2376 praesto
1181 2334 1291 2367 ess'ent.
1335 2333 1391 2376 (8)
1409 2333 1505 2365 Ultra
1515 2333 1639 2366 laevum

318 2388 430 2414 cornu,
445 2376 479 2407 in
495 2376 648 2408 subsidiis.
672 2377 749 2408 Vid
770 2387 843 2417 cap.
856 2376 920 2417 seq.

360 2425 398 2454 C.
422 2432 476 2463 59.
503 2424 533 2464 (1
543 2424 559 2464 )
585 2421 728 2463 Supral.
754 2431 807 2462 35.
828 2432 855 2452 c-
876 2422 926 2454 18.
940 2425 997 2463 fir
982 2437 1083 2455 rarum
1100 2428 1187 2463 modo,
1208 2438 1267 2468 quae
1289 2425 1418 2469 clarstrn's
1441 2431 1493 2456 aut
1515 2427 1640 2458 vinculis

314 2475 467 2498 tencantur.
513 2471 567 2509 (2
592 2467 738 2499 Thraces
773 2466 897 2508 pedites
921 2479 1009 2501 nunc
1033 2469 1153 2513 gladiis
1175 2471 1332 2512 petebant
1355 2470 1461 2503 hastas
1489 2471 1640 2512 equitum
1691 2484 1693 2487 ·

314 2513 358 2542 Ira
351 2512 512 2552 tit-orum,
535 2513 649 2553 easque
679 2512 918 2555 praecidebant;
942 2524 1030 2546 nunc
1033 2497 1119 2548 0&a
1157 2518 1212 2557 (3)
1228 2518 1307 2548 Tac
1331 2516 1350 2547 l.
1373 2528 1401 2548 ι.
1423 2519 1516 2548 Ann.
1537 2527 1566 2548 c.
1582 2515 1640 2555 65.

302 2559 439 2599 sffffo
430 2573 478 2598 ψ
484 2572 525 2589 ο
521 2561 644 2599 wslpsu.
675 2559 762 2600 Virg.
780 2557 800 2588 1.
818 2568 868 2590 11.
889 2560 966 2590 AEn.
983 2571 1013 2591 v.
1027 2561 1103 2600 671.
1127 2563 1322 2605 Sffqffbrevo
1309 2563 1398 2593 otutus
1385 2575 1492 2604 s.equo
1519 2561 1576 2602 (4)
1594 2565 1640 2593 At

314 2606 342 2632 C
347 2613 408 2632 ra>
400 2602 420 2632 i
440 2615 504 2633 non
524 2604 679 2636 tenebant
693 2603 831 2635 mediam
850 2604 992 2636 consulis
1002 2606 1116 2646 aciem,
1131 2608 1185 2639 sed
1202 2609 1322 2639 laevum
1338 2618 1455 2639 cornu.
1499 2604 1639 2649 Aliquid

313 2647 383 2678 vitii
402 2648 510 2679 subest.
556 2649 611 2689 (5)
646 2650 859 2687 Macedones,
879 2650 933 2691 qui
952 2652 984 2682 δε
1001 2651 1072 2694 ipfi,
1090 2654 1171 2685 dum
1187 2653 1370 2696 sequuntur
1393 2652 1565 2695 fugientes,
1581 2662 1636 2683 or—

312 2692 342 2723 eti
347 2702 385 2724 nr:
389 2704 402 2724 s
416 2693 586 2726 solverant.
634 2694 689 2737 ((·‚)
714 2694 822 2728 Potest
838 2679 969 2737 quidem
987 2698 1128 2742 exponi·
1154 2699 1267 2747 Qum
1287 2697 1485 2732 debellatum
1500 2696 1588 2734 effer,
1613 2696 1638 2727 fi

1562 2752 1634 2779 rex,
