1794 3121
138 185 222 229 5¹0

137 298 285 341 Oratio
328 294 451 340 Acilii
490 296 743 347 Glabrionis,
767 312 865 340 con-

196 358 307 408 sulis,
333 359 382 398 ad
401 357 567 409 milites,
590 358 740 399 xxxvi.
770 373 833 412 17.

137 439 253 450 —-—-
273 416 436 459 AEmilii
460 417 683 468 Mamerci,
701 418 751 458 iv.
775 431 841 471 32.

137 499 244 507 —--
276 475 439 517 AEmilii
478 474 627 527 Paulli,
689 478 862 533 jamjam

199 545 408 586 moritur-1,
429 536 533 576 xxii.
552 550 622 590 49.

138 614 256 626 —--
279 594 437 636 AEmilii
478 595 628 646 Paulli,
670 594 864 644 consulis,

195 653 293 694 xliv.
318 667 386 696 22.
417 658 577 708 3438.
617 655 666 695 ad
708 653 865 702 Persea,

196 727 297 754 mox
332 714 383 754 ad
416 713 526 764 suos,
571 715 653 754 xlv.
697 717 735 754 8.
771 713 864 762 alia,

196 787 277 827 qua
300 773 451 814 liberos
472 772 548 813 effe
577 772 695 829 jubet
719 772 864 811 Mace—

199 833 344 882 dones,
372 842 440 886 29.
461 832 511 872 de
532 831 695 886 publica
713 831 865 884 suaque

196 891 380 940 fortuna,
405 903 474 941 41.

138 971 255 984 -—-—-
277 950 516 990 AEtolorum
539 958 681 990 contra
714 947 868 988 Roma-

198 1023 290 1058 nos,
310 1006 435 1047 xxxi.
463 1021 531 1062 29.

287 1067 517 1109 Alexandri

200 1140 333 1168 xxxv.
356 1129 423 1168 18.

280 1185 510 1229 Alexandri
542 1185 669 1227 Ᾱῐοὶὶ
702 1184 744 1225 in
765 1181 868 1224 Phi-

198 1245 375 1301 lippum,
393 1244 532 1285 xxxii.
558 1256 628 1300 33.

275 1305 414 1346 Alorci
429 1305 480 1345 ad
499 1303 771 1361 Saguntinos,
777 1300 868 1342 xxi.

624 1064 870 1113 Acarnanis,

203 1374 270 1417 ¹3·

141 1446 257 1454 —-—
280 1421 572 1465 Andranodori
609 1423 659 1463 ad
695 1421 870 1478 Syracu-

198 1481 334 1532 sanos,
353 1481 464 1522 xxiv.
491 1494 559 1524 22.

278 1539 499 1582 Annibalis
515 1540 566 1581 ad
585 1539 751 1589 milites,
772 1537 865 1578 xxi.

201 1612 268 1642 21.
288 1608 358 1654 43.
384 1600 506 1642 xxiii.
528 1610 596 1655 45.
635 1599 686 1639 ad
707 1596 868 1650 Scipio-

198 1671 310 1707 nem,
354 1673 451 1700 xxx.
487 1672 556 1713 30.
603 1659 653 1699 ad
682 1657 867 1698 senatum

198 1715 601 1774 Carthaginiensem,
622 1727 690 1772 34.
709 1717 758 1756 ad
781 1718 868 1756 An-

199 1776 402 1827 tiochum,
417 1791 544 1818 xxxv.
567 1791 633 1832 ¹9·
655 1775 805 1816 xxxvi.
830 1788 866 1829 7.

204 1845 426 1891 antequam
445 1850 650 1878 venenum
673 1835 869 1886 sumeret,

204 1895 363 1936 xxxix.
383 1909 452 1950 51·

144 1974 262 1988 -———
279 1954 408 1995 Annii
424 1953 571 2020 Setini,
596 1963 780 2008 praetoris
789 1951 870 1993 La·

202 2016 404 2063 tinorum,
448 2011 533 2053 viii.
573 2027 616 2064 4.
646 2012 689 2052 in
731 2011 873 2052 senatu

203 2072 415 2123 Romano,
439 2084 477 2127 ς.

288 2130 489 2174 Antiochi
521 2129 564 2169 in
597 2129 774 2172 concilio
797 2131 871 2171 AE-

205 2193 401 2239 tolorum,
438 2201 580 2230 xxxv.
634 2200 703 2242 44.
749 2190 873 2246 legati

205 2252 294 2308 ejus
316 2250 359 2291 in
389 2248 566 2292 concilio
600 2248 870 2299 Achaeorum,

149 2397 269 2407 ...-
289 2367 571 2425 Apollonidae,
590 2366 718 2407 xxiv.
741 2370 808 2408 28.

149 2458 261 2466 .-.-.-
284 2427 464 2472 Arconis
495 2436 640 2468 contra
669 2426 867 2469 Callicra-

206 2501 304 2539 tem,
328 2487 403 2528 xli.
425 2498 494 2540 29.

278 2545 470 2590 Aristaeni
518 2544 556 2585 in
590 2543 767 2588 concilio
811 2545 871 2586 A·

207 2605 437 2656 chaeorum,
458 2605 593 2648 xxxii.
619 2617 687 2646 20.
710 2617 778 2646 21.

149 2690 264 2706 ...-
287 2662 539 2719 Astymedis,
611 2663 870 2708 Rhodiorum

662 164 1088 212 INDEX.

982 294 1122 351 legati,
1147 294 1234 335 xlv.
1255 302 1326 338 21:

920 381 1033 389 ---
1055 354 1368 395 Atheniensium
1399 353 1645 411 legatorum,

979 414 1109 454 xxxi.
1135 426 1206 467 30.
1237 414 1281 454 in
1301 414 1478 455 concilio
1499 412 1643 454 Panae-

979 475 1119 523 tolico,
1136 487 1270 516 xxxv.
1293 485 1361 530 32.

1062 532 1189 574 Baebii
1212 532 1414 574 Herennii
1451 534 1493 574 in
1528 534 1648 576 nobi·

977 595 1054 645 les,
1072 591 1170 633 xxii.
1197 606 1264 648 34.

1056 653 1113 709 Q.
1132 651 1288 692 Caecilii
1306 651 1468 694 Metelli
1485 653 1535 694 ad
1551 664 1648 693 cen·

979 711 1102 763 sores,
1127 711 1187 753 xl.
1207 712 1276 764 46.

1058 769 1259 814 Caeritum
1294 769 1538 827 legatorum,
1576 769 1647 812 vii.

987 844 1053 874 20.

1053 887 1288 930 Callicratis
1327 887 1474 930 Achaei
1503 899 1647 930 contra

983 949 1194 997 Perseum,
1218 947 1293 987 xli.
1315 950 1382 988 28.

1052 1008 1361 1063 Campanorum
1401 1007 1648 1061 legatorum,

982 1068 1048 1110 vii.
1076 1079 1145 1119 30.

1060 1125 1265 1181 Canuleji‚
1289 1124 1340 1163 iv.
1363 1137 1401 1178 3.

923 1212 1038 1221 --—
1058 1183 1458 1239 Carthaginiensium
1496 1183 1652 1238 legato-

982 1258 1073 1285 rum
1097 1244 1146 1284 de
1185 1256 1302 1298 pace,
1337 1253 1446 1283 xxx,
1482 1255 1552 1285 22.
1576 1255 1648 1294 42.

981 1301 1245 1359 querentium
1306 1300 1358 1342 de
1429 1301 1649 1353 Mafinifl‘a,

988 1364 1069 1405 xlii.
1096 1375 1118 1403 2
1158 1392 1168 1401 .

1062 1373 1322 1476 Apiclaudii
1344 1419 1421 1470 rei,
1445 1419 1500 1461 iii.
1520 1422 1591 1476 56.

1063 1481 1145 1534 Ap.
1169 1478 1355 1528 Claudii,
1385 1479 1438 1521 iv.
1459 1485 1528 1532 48.
1551 1495 1590 1521 v.
1611 1491 1651 1537 3.

990 1538 1028 1578 in
1051 1539 1254 1587 tribunos,
1271 1537 1324 1578 vi.
1347 1552 1418 1591 40.

1067 1599 1114 1640 C.
1139 1596 1320 1649 Claudii,
1353 1597 1489 1654 patrui
1509 1598 1654 1654 Appii,

988 1674 1044 1699 ιιι.
1072 1672 1141 1710 40.

1065 1718 1127 1759 M.
1149 1713 1313 1756 Claudii
1333 1713 1541 1765 Marcelli,
1573 1715 1655 1756 res-

988 1774 1206 1831 pondentis-
1228 1773 1511 1815 accusantibus
1538 1774 1657 1817 Sicu-

988 1835 1051 1884 lis,
1072 1835 1186 1875 xxvi.
1207 1847 1275 1889 3¹·
1293 1832 1476 1899 ejusdem
1501 1834 1550 1874 ad
1575 1835 1654 1875 mi-

993 1896 1138 1936 litesin
1153 1892 1311 1957 castris,
1335 1891 1468 1932 xxvii.
1500 1906 1562 1947 13.

928 1977 1046 1992 --—-
1063 1950 1311 1995 consulum
1302 1965 1343 1991 1n
1366 1950 1551 1994 tribunos
1571 1954 1658 2010 ple-

989 2013 1093 2063 bis,
1085 2027 1140 2053 ιν.
1159 2025 1197 2054 2.

931 2072 1112 2113 ---Α.
1147 2069 1328 2112 Cornelii
1346 2069 1452 2110 Coffi
1475 2069 1655 2112 dictato-

989 2133 1044 2175 ris
1068 2133 1118 2174 ad
1141 2130 1306 2179 milites,
1329 2128 1380 2171 vi.
1420 2142 1486 2172 12.
1519 2131 1570 2171 ad
1591 2131 1656 2173 M.

992 2190 1211 2233 Manlium.
1245 2202 1307 2243 15.

1172 2246 1354 2289 Cornelii
1406 2245 1573 2288 Lentuli
1614 2249 1656 2289 in

989 2308 1157 2351 consilio
1179 2306 1344 2348 militari
1363 2307 1412 2347 ad
1428 2305 1654 2358 Caudium,

989 2382 1045 2411 ix.
1067 2380 1107 2418 4.

932 2429 1109 2470 --Ρ.
1141 2426 1328 2468 Cornelii
1373 2425 1576 2482 Scipionis
1604 2426 1654 2467 ad

992 2486 1160 2536 milites,
1184 2485 1275 2527 xxi.
1300 2501 1372 2541 40.

934 2546 1108 2587 --P.
1130 2544 1314 2587 Cornelii
1349 2542 1570 2598 Scipionis,
1591 2544 1657 2599 qui·

995 2604 1209 2661 Africanus
1228 2603 1349 2645 diHus
1379 2604 1441 2662 ss,
1471 2604 1523 2644 ad
1552 2602 1659 2643 mili-

997 2672 1075 2715 tes,
1109 2665 1214 2705 xxvi.
1257 2676 1328 2714 41.
1351 2672 1423 2719 43.
1458 2662 1508 2704 ad
1539 2660 1659 2702 Allu

1526 2718 1656 2760 cium.

931 2271 1048 2287 0...-
1069 2252 1118 2293 L.
