1871 3121
467 239 681 282 LIBER
723 239 857 282 XLII.
901 239 1050 281 CAP.
1084 242 1159 285 VI.
1584 264 1641 307 49

106 366 176 397 aut
211 359 354 407 levare,
395 367 464 398 aut
485 371 652 399 onerare
674 357 821 398 voluit:
861 357 1134 398 communiter
1164 357 1214 399 ab
1241 361 1419 416 utrisque

107 416 239 469 petiit,
271 416 514 457 abstinerent
532 416 652 466 bello,
676 420 715 459 &
738 415 940 457 oblivione
955 418 1249 481 praeteritorum
1272 421 1422 460 dilcor-

105 474 190 514 dias
205 473 378 515 finirent.
440 475 578 530 Hujus
601 475 962 516 reconciliationis
955 486 1059 514 inter
1077 475 1181 529 ipsos
1200 475 1298 518 fides
1319 478 1422 518 obfi-

104 531 222 572 dibus
253 534 359 573 ultro
381 532 563 591 citroque
587 534 688 574 datis
712 533 869 573 firmata
889 532 958 575 est.
1013 533 1273 585 Corinthum,
1300 548 1342 578 ut
1365 536 1422 576 ibi

103 590 402 644 deponerentur
421 591 591 641 obfides,
610 591 862 632 convenitur.

163 649 237 688 VI.
274 652 309 690 A
333 649 505 704 Delphis
530 653 566 692 δι
594 651 774 691 AEtolico
806 648 979 690 concilio
1001 649 1223 692 Marcellus
1242 652 1283 692 in
1304 651 1424 693 Pelo-

104 707 329 760 ponnesum
363 709 614 764 trajecit(1),
647 707 731 763 quo
767 707 927 748 Achaeis
958 709 1137 748 edixerat
1159 723 1422 753 conventum.

103 764 207 814 Ubi,
239 767 462 807 collaudata
493 778 627 821 gente,
661 766 772 820 quod
812 766 1041 807 constanter
1076 778 1191 808 vetus
1213 771 1424 809 decretum

103 823 152 862 de
175 825 358 865 arcendis
389 826 498 865 aditu
524 825 667 865 finium
689 825 850 880 regibus
887 825 1164 865 Macedonum
1196 827 1425 877 tenuifl'ent,

104 880 256 937 insigne
277 882 466 924 adversus
501 884 643 923 l'ersea
675 885 814 924 odium
851 883 1135 923 Romanorum
1160 885 1280 926 tecit:
1312 887 1426 939 quod

102 949 147 978 ut
168 939 367 982 maturius
401 953 646 996 erumperet,
680 942 884 982 Eumenes
907 956 992 991 rex,
1037 945 1425 990 {commentarium

104 997 237 1040 ferens
259 1000 411 1051 secum,
445 1002 554 1055 quod
576 1002 626 1040 de
659 1000 920 1054 apparatibus
941 999 1034 1040 belli
1056 1003 1193 1041 omnia
1215 1002 1424 1056 inquirens

103 1056 271 1110 fecerat,
303 1059 482 1100 Romam
504 1059 628 1100 venit.
686 1060 765 1099 Per
786 1059 892 1098 idem
919 1070 1077 1112 tempus
1100 1060 1281 1114 quinque
1304 1061 1426 1115 legati

103 1117 154 1156 ad
190 1130 326 1170 regem
365 1117 479 1167 miffi,
537 1118 608 1173 qui
647 1132 710 1158 res
766 1119 807 1157 in
850 1118 1422 1184 Macedonia4adipicerent.
1446 1120 1600 1162 Legatiin

104 1175 395 1216 Alexandriam
418 1178 539 1216 iidem
574 1177 623 1216 ad
658 1176 926 1216 Ptolemaeum
960 1178 1202 1217 renovandae
1238 1178 1424 1218 amicitiae
1446 1167 1650 1242 {wigman

104 1233 221 1273 causa
253 1234 575 1290 proficiscijussi.
639 1234 782 1289 Legati
804 1245 917 1274 erant
948 1234 1006 1281 hi,
1039 1236 1086 1275 C.
1114 1236 1319 1284 Valerius,
1344 1238 1418 1276 Cn.
1444 1218 1514 1287 ,Sum
1555 1220 1629 1255 gyp

103 1291 294 1333 Lutatius
326 1292 472 1342 Cerco,
505 1292 759 1350 QBaebtus
793 1292 929 1340 Sulca,
962 1293 1023 1332 M.
1050 1292 1265 1335 Cornelius
1288 1294 1424 1334 Mim-

103 1352 229 1399 mula,
264 1352 327 1391 M.
350 1350 540 1392 Caecilius
571 1351 742 1391 Denter.
804 1351 853 1389 Et
890 1350 939 1389 ab
972 1351 1183 1405 Antiocho
1224 1365 1317 1407 rege
1353 1353 1428 1393 sub

104 1407 212 1448 idem
236 1419 396 1463 tempus
426 1410 545 1464 legati
582 1418 803 1449 venerunt:
834 1422 1008 1461 quorum
1033 1407 1221 1463 princeps
1259 1412 1423 1464 Apollo·
1446 1397 1611 1473 ᾒεξῗηρἶ

95 1466 211 1516 nius,
243 1467 284 1506 in
305 1468 487 1507 senatum
521 1466 798 1517 introductus,
830 1466 970 1505 multis
988 1466 1184 1521 justisque
1206 1471 1332 1509 caulis
1362 1484 1423 1510 rt:-
1443 1456 1565 1518 Ronnjm

103 1538 197 1580 gem
228 1525 446 1574 excusavit,
480 1524 834 1581 Qubdsttpendium
843 1523 968 1579 serich
982 1528 1043 1579 (2)
1071 1527 1190 1579 quoad
1207 1526 1264 1566 di
1259 1543 1302 1566 m
1327 1541 1429 1581 prae-
1443 1537 1572 1565 veniunt.

87 1583 224 1640 staret.
255 1583 296 1624 id
318 1586 364 1639 se
388 1599 490 1624 omne
509 1584 706 1640 advexff,
737 1599 781 1624 ne
801 1584 1019 1638 cujus,n,ij1
1041 1586 1228 1638 tempmis,
1258 1591 1285 1638 †
1298 1589 1430 1640 gratia

103 1641 318 1705 regifieret.
377 1643 532 1682 Donum
544 1652 726 1697 praeterea
747 1641 900 1699 (fferre,
921 1643 1012 1693 vasa
1051 1659 1165 1682 amca
1186 1647 1430 1699 quingentum

96 1701 225 1754 pondo.
286 1701 421 1741 Petere
449 1717 589 1756 rege,m
620 1710 678 1752 ut,
709 1717 786 1755 quae
820 1716 903 1741 cum
928 1709 1046 1755 patre
1065 1701 1148 1756 fito
1150 1704 1298 1752 societas
1318 1713 1430 1758 atque

103 1768 268 1800 amtcttta
274 1759 424 1816 suffr
453 1776 495 1800 ea
503 1760 634 1818 ficum
670 1767 945 1805 renovaretur,-
979 1767 1088 1812 unpez
1090 1769 1251 1814 aretque
1269 1761 1344 1816 sthi
1356 1779 1429 1818 po-

94 1818 214 1873 palus
241 1818 447 1868 Romanus,
479 1834 555 1873 quae
575 1817 843 1874 bonoficlelique
857 1819 952 1872 socio
974 1820 1053 1872 regi
1071 1819 1209 1884 cffnt
1194 1821 1425 1873 tmperanda.

91 1877 136 1931 se
170 1877 268 1916 nullo
303 1879 452 1931 usquam
486 1877 701 1933 ccjffizturum
737 1875 856 1932 qfficto.
919 1876 982 1918 Ea
1008 1886 1141 1915 mertta
1170 1879 1430 1933 insesenatus

90 1934 220 1990 suff,
252 1951 365 1989 quum
388 1936 513 1976 Romae
547 1936 641 1991 cff‘t,
671 1950 751 1974 eam
787 1936 989 1974 comitatem
1005 1937 1239 1988 juventutis,
1287 1947 1328 1976 ut
1353 1946 1428 1991 pro

105 2008 202 2046 rege,
235 2008 304 2033 non
323 2001 392 2045 pro
410 1994 530 2049 olfide,
560 1995 722 2033 omnibus
752 1993 939 2033 ordinibus
958 1993 1099 2049 fuerit.
1161 1995 1324 2049 Legatis
1360 1999 1427 2036 be-

103 2050 226 2105 nigne
248 2051 497 2105 responsum,
531 2055 568 2092 δι
604 2053 834 2093 societatem
866 2065 1058 2093 renovare
1081 2066 1174 2092 cum
1200 2054 1426 2107 Antiocho,

105 2123 199 2163 quae
220 2123 315 2150 cum
349 2121 460 2164 patre
501 2112 586 2162 ejus
608 2110 756 2159 fuerat,
793 2111 843 2150 A.
885 2111 1035 2151 Atilius
1068 2122 1215 2165 praetot
1248 2114 1425 2154 urbanus

100 2168 243 2224 jussus.
306 2168 540 2226 Qaestores
563 2170 704 2209 urbani
725 2169 988 2222 stipendium,
1022 2170 1110 2209 vasa
1146 2184 1264 2210 aurea
1286 2172 1426 2212 censo-

107 2240 171 2267 res
193 2240 460 2281 acceperunt:
492 2227 627 2281 eisque
650 2227 862 2282 negotium
884 2229 1025 2268 datum
1047 2228 1120 2276 est,
1152 2239 1195 2268 ut
1226 2241 1425 2284 ponerent

105 2297 167 2333 ea,
200 2285 240 2324 in
273 2285 420 2339 quibus
452 2287 611 2340 templis
651 2286 880 2329 videretur:
909 2286 1124 2340 legatoque
1146 2301 1311 2328 centum
1336 2290 1428 2328 mil·-

105 2343 206 2382 lium
223 2344 312 2384 aeris
335 2358 483 2383 munus
515 2345 687 2394 miffum,
723 2346 758 2384 &
781 2349 795 2394 ΙΙ
829 2346 935 2384 aedes
957 2343 1090 2384 liberae
1112 2344 1285 2400 hospitio
1305 2348 1427 2397 datae,

105 2401 366 2455 sumptusque
397 2403 598 2454 decretus,
629 2404 759 2446 donec
785 2403 827 2442 in
850 2402 963 2444 ltalia
992 2401 1100 2443 effet
1159 2404 1318 2460 Legati,
1352 2405 1428 2458 qui

160 2459 281 2500 lou.
307 2460 404 2500 Vll.
766 2464 798 2502 E
1380 2462 1430 2505 in

151 2628 187 2659 C.
212 2626 246 2660 6.
287 2628 315 2663 (1
328 2627 341 2667 )
365 2626 505 2661 Videtur
526 2624 672 2657 excidiffe
703 2635 823 2657 nomen
853 2625 927 2663 loci,
951 2634 1017 2666 quo
1046 2631 1242 2656 conventum
1271 2625 1432 2660 edixerat„

110 2675 166 2714 (2)
176 2674 298 2705 Vocem
310 2676 402 2715 quoad
414 2684 475 2714 pro
488 2680 618 2714 quantum
633 2674 680 2710 ad,
690 2675 867 2714 quodattinet
878 2671 1018 2712 ad,aped
1033 2672 1154 2712 probos
1179 2681 1196 2700 ,ι
1210 2681 1280 2713 guae
1298 2673 1422 2704 Latinae

105 2719 276 2760 scriptores
290 2729 352 2749 non
367 2728 548 2756 occurrere,
563 2717 648 2749 inter
660 2718 828 2760 plerolque
842 2717 928 2748 viros
945 2720 976 2747 Δ(
990 2717 1060 2747 &os
1072 2716 1206 2747 constit.
1243 2717 1304 2747 Sed
1317 2718 1348 2747 ἅτ
1365 2718 1421 2748 illo

105 2764 194 2797 seusu
208 2764 302 2807 plane
314 2764 547 2807 supervacuum
559 2763 634 2796 css'et
647 2766 740 2807 quoad
748 2766 817 2795 diem
827 2762 897 2807 post
909 2761 1054 2805 vasariis.
1100 2763 1187 2805 Lege
1196 2774 1279 2805 qaum
1291 2770 1329 2794 al
1339 2765 1422 2841 Διὶζιὲ
