1830 3131
574 220 986 263 EPLTOME.

545 376 714 418 LIBRI
778 374 992 417 XLVIII.

105 462 496 541 LUSTRUMa
524 494 760 536 censoribus
794 494 1011 535 conditum
1042 493 1113 534 est.
1176 493 1307 535 censa
1341 494 1435 536 sunt

104 555 256 596 rivium
288 555 420 610 capita
460 563 640 594 trecenta
674 553 817 608 viginti
856 564 1033 607 quatuor
1067 552 1207 594 millia.
1265 553 1431 594 Semina

103 615 212 655 tertii
233 614 328 655 belli
353 613 495 654 Punici
518 613 765 653 reseruntur.
829 612 974 670 Qum
1007 612 1049 651 in
1083 611 1234 654 finibus
1256 612 1436 654 Kartha-

101 672 347 728 giniensium
380 672 525 727 ingens
563 671 840 711 Numidarum
863 672 1083 719 exercitus,
1105 672 1210 712 duce
1239 671 1440 713 Ariobar-

104 745 223 780 zane,
263 730 463 787 Syphacis
497 740 663 784 nepote,
702 730 906 770 diceretur
929 731 1020 779 effe,
1048 730 1111 770 M.
1135 730 1307 772 Porcius
1330 730 1436 772 Cato

104 790 237 839 suasit,
260 800 305 830 ut
325 788 747 845 Karthaginiensibus,
788 803 916 843 quum
942 788 1285 839 Ariobarzanem,
1308 789 1441 844 specie

105 859 249 891 contra
272 849 519 890 Maunissam
556 861 710 902 regem,
735 848 799 887 sed
831 862 874 888 re
910 849 1006 889 vera
1041 857 1184 889 contra
1210 849 1440 899 Romanos,

105 909 284 949 accitum
300 907 341 948 in
365 907 515 948 finibus
536 906 748 956 haberent,
766 906 922 947 bel-lum
944 907 1209 958 indiceretur.
1262 908 1440 949 Contra-

106 967 336 1009 dicenteP.
361 965 556 1007 Cornelio
589 965 750 1014 Nafica,
787 966 964 1021 placuit,
1000 968 1155 1022 legatos
1187 966 1294 1007 mitti
1333 967 1441 1007 Kar-

107 1025 334 1081 thaginem,
367 1027 440 1078 qui
472 1024 792 1079 specularentur,
833 1026 933 1080 quid
965 1035 1166 1082 ageretur.
1230 1025 1441 1092 Castigato

107 1085 249 1126 senatu
280 1083 699 1140 Karthaginiensium,
738 1080 853 1138 quod
882 1091 1025 1126 contra
1065 1083 1202 1125 foedus
1228 1085 1265 1125 ὃς
1286 1084 1443 1126 exerci-

107 1154 198 1184 tum
233 1146 273 1184 &
315 1145 477 1184 navales
513 1142 701 1183 materias
736 1142 950 1193 haberent,
995 1157 1138 1215 pacem
1167 1143 1274 1184 inter
1304 1157 1374 1184 eos
1399 1145 1440 1184 Sc

106 1201 358 1248 Masinissam
393 1201 527 1242 facere
550 1202 784 1251 voluerunt,
821 1199 1034 1244 Masinissa
1057 1216 1170 1256 agro,
1203 1204 1253 1243 de
1287 1216 1370 1256 quo
1391 1202 1443 1243 lis

109 1269 209 1311 erat,
230 1261 414 1301 cedente.
437 1260 504 1300 sed
523 1259 652 1315 Gisgo
669 1259 919 1302 Hamilcaris
935 1260 1062 1313 filius,
1083 1260 1210 1302 homo
1233 1259 1443 1303 seditiosus

111 1320 184 1374 qui
202 1330 302 1360 tunc
325 1320 367 1359 in
404 1317 642 1374 magistratu
674 1329 774 1369 erat,
807 1334 936 1374 quum
967 1319 1128 1361 senatus
1149 1320 1381 1374 pariturum
1405 1319 1445 1360 se

108 1378 265 1436 judicio
283 1378 425 1434 legatis
448 1377 624 1428 dixisset,
645 1376 701 1418 ita
722 1377 877 1418 bellum
899 1376 1089 1419 adversus
1121 1381 1239 1420 hom
1234 1392 1333 1419 mos
1356 1379 1446 1419 sua-

106 1438 248 1478 dendo
289 1437 526 1487 concitavit,
563 1446 609 1476 ut
650 1437 820 1492 legatos,
872 1451 955 1491 quo
997 1435 1136 1479 minus
1177 1437 1446 1490 violarentur,

114 1496 214 1552 suga
234 1496 490 1551 explicuerit.
552 1495 600 1534 Id
634 1495 894 1545 nunciantes,
925 1495 1120 1536 infestum
1146 1497 1234 1553 jam
1258 1496 1447 1538 senatum

115 1554 537 1609 Karthaginiensibus,
577 1552 829 1595 infestiorem
871 1553 1073 1595 fecerunt.
1166 1556 1230 1597 M.
1274 1555 1448 1602 Porcius

114 1615 220 1655 Cato
242 1613 332 1664 filii,
353 1614 394 1653 in
417 1609 592 1668 praetur‘a
614 1612 781 1661 mortui,
805 1613 930 1654 sunus
964 1613 1210 1666 tenuiffimo‚
1232 1624 1278 1655 ut
1303 1615 1448 1665 valuit,

115 1676 229 1728 (narn
252 1687 407 1728 pauper
428 1677 535 1724 erat)
560 1671 726 1725 sumptu
756 1671 868 1714 fecit.
933 1673 1174 1724 Andriscus,
1196 1674 1267 1729 qui
1289 1674 1327 1716 se
1348 1675 1449 1715 Per-

116 1731 338 1783 seifilium‚
373 1732 480 1787 regis
514 1731 725 1785 quondam
754 1731 1030 1781 Macedoniae,
1062 1732 1219 1788 ingenti
1255 1734 1449 1774 assevera-

117 1792 228 1832 tione
251 1790 510 1858 mentiretur,
547 1791 730 1831 Romam
753 1791 904 1831 miffus.
938 1792 1002 1832 Μ.
1030 1791 1223 1833 AEmilius
1246 1792 1446 1847 Lepidus,

117 1850 192 1911 qui
213 1849 404 1905 princeps
424 1850 585 1891 senatus
604 1848 654 1888 ab
673 1848 795 1889 sextis
826 1851 912 1905 jam
930 1849 1165 1891 censoribus
1190 1863 1274 1892 erat
1297 1854 1324 1891 Ι·
1319 1851 1447 1901 ecus,

118 1920 341 1963 antequam
367 1908 600 1963 exspiraret,
635 1909 831 1962 praecepit
867 1908 977 1958 filiis,
1016 1909 1125 1949 leFto
1151 1909 1187 1949 se
1220 1910 1342 1951 strato
1366 1911 1448 1952 fine

120 1967 272 2018 linteis,
287 1968 366 2008 sme
389 1981 569 2022 purpura
585 1967 807 2016 efferrent;
840 1967 882 2007 in
899 1969 1101 2022 reliquum
1126 1974 1251 2009 sunus
1268 1984 1318 2010 ne
1340 1971 1453 2025 plus,

122 2040 251 2080 quarn
293 2026 385 2067 aeris
406 2027 548 2076 denos,
586 2026 897 2066 consumerent:
929 2027 1158 2083 imaginum
1188 2028 1334 2082 specie,
1367 2043 1454 2070 non

125 2083 372 2140 sumptibus,
394 2083 599 2125 nobilitari
633 2097 876 2140 magnorum
911 2086 1094 2127 virorum
1129 2086 1274 2127 funera
1311 2088 1454 2128 solere.

127 2143 197 2185 De
225 2142 434 2184 veneficiis
460 2143 687 2198 quaesitum.
747 2143 932 2185 Publicia
956 2149 996 2187 &
1019 2145 1193 2196 Licinia,
1214 2147 1371 2188 'nobiles
1394 2147 1457 2186 fe,

128 2204 268 2253 minae,
300 2217 392 2258 quae
411 2202 518 2243 viros
541 2202 632 2242 suos
665 2201 895 2243 consulares
916 2204 1069 2244 necasse
1101 2204 1457 2258 insimulabantur,

119 2261 296 2317 ⁴cognita
319 2258 454 2310 causa,
491 2273 622 2315 quum
642 2260 805 2315 praetori
827 2275 901 2316 pro
929 2262 965 2301 se
988 2264 1109 2304 vades
1132 2264 1343 2313 dedissent,
1361 2279 1459 2319 cog-

131 2331 324 2362 natorum
345 2321 509 2361 decreto
531 2330 686 2361 necatae
707 2319 811 2360 suut.
873 2320 1063 2375 Guluffa,
1096 2322 1316 2364 Masiniss-„e
1334 2322 1460 2376 filius,

133 2379 414 2428 denunciavit,
446 2378 700 2435 Karthagine
736 2378 921 2420 dclectus
957 2380 1037 2435 agi,
1075 2381 1236 2421 clafl'em
1271 2395 1462 2435 compar-

136 2437 215 2489 ari,
257 2439 298 2479 δι
336 2436 446 2477 haud
473 2437 650 2478 ‘dubium
680 2436 834 2477 bellum
877 2439 992 2480 strui.
1059 2439 1202 2494 Quum
1230 2440 1335 2480 Cato
1373 2439 1464 2480 sua-

134 2497 269 2546 deret,
312 2505 359 2535 ut
413 2496 462 2536 iis
508 2495 665 2536 bellum
709 2495 973 2547 indiceretur,
1031 2496 1077 2536 P.
1129 2497 1325 2538 Cornelio
1375 2497 1464 2539 Na-

136 2556 189 2597 fic
168 2569 216 2597 ca
249 2554 427 2604 dicente,
459 2553 563 2593 nihil
612 2563 764 2593 temere
801 2553 1060 2604 faciundum,
1107 2556 1276 2611 placuit,
1318 2556 1463 2599 decem
1487 2572 1541 2612 ‘'..v

136 2613 248 2655 mitti
269 2615 424 2669 legatos
440 2613 711 2667 exploratum.
763 2605 822 2652 L.
845 2612 1031 2653 Licinius
1053 2614 1269 2663 Lucullu
1287 2614 1342 2658 A.
1368 2617 1465 2657 Pos-
1558 2661 1562 2664 ⁴

137 2672 294 2714 numius
329 2671 507 2714 Albinus
529 2670 728 2720 consules,
750 2678 879 2724 quum
898 2671 1106 2713 delefflum
1126 2673 1260 2714 severe
1281 2685 1465 2742 agerent,
1524 2673 1569 2697 -225-

137 2740 216 2772 'nec
237 2743 488 2797 quemquam
505 2729 633 2786 gratia
653 2729 921 2780 dimitterent,
961 2729 1011 2770 ab
1033 2731 1207 2773 tribunis
1227 2733 1354 2788 plebi
1358 2764 1372 2785 ,
1395 2735 1468 2789 qui

139 2801 217 2843 pro
234 2789 375 2831 amicis
390 2790 465 2831 mis
483 2788 734 2830 vacationem
753 2788 970 2843 impetrare
987 2802 1070 2830 non
1093 2801 1294 2845 poterant,
1317 2794 1359 2833 in
1380 2807 1469 2834 car·

140 2850 279 2891 <cerem
299 2849 476 2906 conjeffl
498 2848 603 2892 sunt.
667 2850 814 2900 Quum
842 2846 1108 2906 Hispaniense
1136 2849 1305 2902 bellum,
1322 2865 1470 2905 parum
1492 2836 1511 2879 5*

732 2906 761 2949 S
795 2917 820 2950 2«
1280 2910 1471 2967 prospere
