1830 3131
72 215 168 263 >27²⁶

645 211 676 249 F,
701 200 730 250 '1‘
756 208 894 251 1‘1‘0
920 195 965 249 ,u
991 210 1022 251 L
1090 211 1188 252 Lm.
1214 208 1281 250 (ξω.

304 331 399 362 nem
423 322 512 378 ejus
551 322 598 363 P.
645 323 864 365 Africanus
887 321 1110 377 oraviffima
1137 323 1321 364 oratione
1344 315 1518 365 diffuafit
1540 337 1553 370 ;
1588 320 1631 361 in

306 395 389 436 qua
422 382 543 432 dixit,
592 383 641 422 is'i
678 382 714 422 (ἰ
720 399 784 421 ιιι
778 381 894 420 chum
918 383 1014 436 jen-e
1056 383 1138 437 mres
1147 398 1183 421 m
1211 383 1346 422 vidri.
1415 379 1636 423 Gracchus

306 438 449 481 contri)⁴
471 440 586 481 suasit
617 441 838 496 rogatione
833 454 898 479 n:
939 440 1001 480 sed
1024 440 1162 495 Scipio
1186 442 1329 482 tenuit.
1394 441 1507 481 Bella
1529 439 1636 480 inter

308 500 564 541 Antiochum
589 501 729 555 Syrise,
775 501 812 540 &
842 498 1056 540 Phraaten]
1078 499 1324 541 Pir-thorum
1348 513 1486 555 regem
1508 485 1635 554 gesta,

307 573 385 600 nec
406 559 533 614 magis
571 559 719 612 quiet-e
751 572 812 598 res
846 557 1018 614 Jfigypti
1064 557 1309 599 referuntur.
1371 560 1657 606 Ptolemaeus„

308 617 532 673 Euergetes
570 617 883 672 cognominttu
890 647 901 665 ,
935 616 987 658 ob
1026 617 1193 657 nimiim
1235 618 1518 659 crudelitatem
1558 614 1638 656 suis

310 676 477 725 invisus,
506 676 667 716 incensi
695 691 716 715 a
741 677 905 742 'populo
944 675 1069 731 regia,
1101 678 1205 717 clam
1237 676 1403 732 Cypron
1440 669 1638 742 profugit.

314 737 374 784 ἃ,
405 749 534 801 quum
557 734 682 775 sorori
713 749 747 775 e
741 737 802 774 'us
823 734 1068 790 Cleopatrae,
1102 749 1227 789 quam
1252 734 1350 785 (filia
1373 735 1461 792 ejus
1483 734 1641 790 virgine

313 808 386 848 per
415 794 497 834 vim
521 792 768 847 compressa,
801 805 924 847 atque
956 795 996 833 in
1027 795 1334 834 matrimonium
1357 793 1500 847 dueta)
1521 806 1644 846 repu-

313 853 507 902 diaverat,
540 866 715 907 regnum
738 867 760 892 a
783 853 937 906 populo
961 853 1102 893 datum
1145 853 1254 902 effer,
1287 852 1471 894 infensus
1493 850 1643 900 filium,

314 919 441 966 quem
471 925 520 952 ex
559 910 627 950 illa
661 909 849 958 habebat,
881 911 1008 966 Cypri
1030 911 1196 960 occidit,
1229 924 1435 967 caputque
1463 911 1571 967 ejus,-
1603 911 1643 950 &

316 982 481 1021 manus,
514 971 554 1010 δι’
594 971 715 1023 pedes
751 969 869 1009 matri
906 970 1023 1011 milit.
1086 970 1318 1012 Seditiones
1361 986 1383 1011 a
1419 968 1646 1012 triumviris

317 1029 463 1070 Fulvio
485 1028 649 1080 Flacco,
686 1031 722 1069 δι
748 1027 796 1069 C.
831 1028 1041 1081 Graccho,
1075 1031 1115 1070 δ’
1154 1029 1203 1070 C.
1243 1029 1407 1085 Papirio
1443 1028 1648 1076 Carbone,

317 1098 419 1143 agro
441 1087 663 1128 dividendo
687 1087 850 1136 creatis,
872 1087 1081 1128 excitatae:
1115 1089 1264 1143 quibus
1287 1102 1418 1142 quum
1441 1088 1486 1129 P.
1508 1084 1654 1141 Scipio·

320 1145 545 1187 Africanus
573 1147 866 1196 adversaretur,
900 1146 1095 1200 sortisque
1131 1162 1176 1188 ac
1211 1147 1369 1187 validus
1396 1148 1446 1187 de
1475 1146 1540 1186 die
1576 1145 1651 1185 do-

321 1219 438 1245 mum
468 1204 506 1245 se
547 1205 770 1259 recepillet,
817 1216 1004 1245 mortuus
1042 1206 1082 1245 in
1121 1205 1311 1246 cubiculo
1348 1206 1539 1245 inventus
1579 1203 1652 1243 est.

321 1263 519 1318 Suspe&a
541 1263 635 1313 fuit,
674 1274 871 1319 tanquam
908 1265 944 1303 ei
967 1277 1171 1304 venenum
1195 1264 1376 1313 dediffet,
1407 1261 1654 1317 Sempronia

325 1336 445 1372 uxor,
478 1322 574 1364 hinc
597 1321 791 1371 maxime,
824 1320 938 1377 quod
962 1322 1072 1363 soror
1095 1323 1190 1364 ess'et
1208 1323 1524 1370 Gracchorum,
1557 1333 1655 1362 cum

325 1374 476 1437 quibus
500 1381 678 1422 simultas
714 1380 912 1422 Africano
946 1381 1092 1423 fuerat.
1138 1383 1188 1422 de
1227 1392 1360 1423 morte
1397 1391 1535 1421 tamen
1565 1379 1656 1436 ejus

326 1441 439 1480 nulla
463 1439 633 1509 q.uaesti⁰
671 1439 774 1480 aeta.
837 1440 899 1480 L'o
931 1440 1146 1490 defuncto,
1178 1441 1397 1482 seditiones
1420 1438 1656 1480 triumvirae·

327 1499 387 1540 les
415 1496 548 1538 acrius
577 1498 827 1538 exars.erunt
889 1497 938 1538 C.
973 1497 1240 1554 Sempronius
1268 1500 1407 1540 consul
1430 1508 1571 1539 contra
1593 1497 1659 1537 Ia-'

330 1558 459 1611 pydas
483 1556 614 1610 primo
632 1571 717 1596 rem
742 1556 846 1597 male
869 1556 1008 1611 geffit:
1030 1571 1125 1597 mox
1148 1557 1317 1598 viclorizi
1335 1558 1495 1598 cladem
1513 1569 1658 1609 accep-

330 1627 415 1656 tam
436 1615 665 1656 emendavit
689 1616 835 1655 virtute
871 1614 927 1656 D.
964 1615 1078 1669 Junii
1108 1617 1240 1666 Bruti,
1272 1618 1377 1672 ejus,
1409 1616 1479 1670 qui
1502 1614 1658 1655 Lufitao

334 1674 443 1716 niam
462 1673 689 1731 subegerat.

780 1793 813 1839 L
834 1795 848 1836 1
871 1782 998 1837 unt
1064 1796 1159 1836 Lx.

333 1883 428 1960 L.
457 1913 651 1955 Aurelius
693 1913 833 1953 consul
874 1913 1117 1954 rebellantes
1159 1914 1306 1954 Sardos
1350 1911 1518 1966 subegit.
1597 1910 1662 1952 M.

335 1970 505 2013 Fulvius
539 1972 710 2013 Flaccus
746 1972 903 2027 primus
938 1972 1230 2026 Transalpinos
1257 1972 1433 2027 Ligures
1453 1970 1562 2011 bello
1590 1971 1665 2010 do·

335 2031 458 2081 uiuit,
493 2031 631 2071 miil'us
666 2031 708 2070 in
745 2031 946 2072 auxilium
979 2030 1283 2072 Massiliensibus
1313 2028 1502 2070 adversus
1530 2028 1666 2072 Sallu-

337 2088 427 2130 vios
469 2089 628 2137 Gallos,
657 2088 730 2144 qui
751 2088 854 2129 fines
895 2088 1201 2130 Maffilienfium
1235 2088 1549 2144 populabantur.
1612 2087 1663 2129 L.

338 2147 536 2202 Opimius
558 2158 709 2202 praetor
738 2148 1012 2203 Fregellanos,
1045 2147 1117 2203 qui
1148 2148 1398 2197 defecerant,
1426 2146 1470 2187 in
1491 2145 1670 2188 deditio-

339 2220 437 2246 nem
474 2206 646 2261 accepit.
703 2207 909 2262 Fregellas
931 2207 1069 2249 diruit.
1135 2205 1365 2247 Pestilentia
1387 2206 1428 2246 in
1451 2205 1596 2246 Africa
1616 2203 1668 2245 ab

339 2264 501 2321 ingenti
533 2264 782 2306 locustarum
820 2266 1099 2316 multitudine,
1153 2267 1192 2306 &
1231 2265 1379 2306 deinde
1427 2273 1669 2306 necatarum

340 2323 490 2379 strage,
520 2323 635 2364 fuisse
658 2324 845 2370 traditur,
907 2325 1101 2365 Lustrum
1138 2338 1161 2364 a
1192 2323 1426 2365 censoribus
1453 2322 1669 2364 conditum

342 2383 415 2422 est.
478 2381 612 2425 Censa
633 2381 725 2422 sunt
747 2382 899 2423 civium
921 2383 1052 2437 capita
1082 2393 1265 2423 trecenta
1296 2381 1519 2437 nonaginta
1540 2381 1672 2423 millia

341 2440 599 2496 septingenta
628 2440 794 2496 triginta
831 2440 911 2481 sex.
975 2442 1024 2482 C.
1055 2441 1291 2493 Gracchus,
1330 2440 1488 2481 Tiberii
1528 2439 1672 2493 frater,

345 2500 534 2540 tribunus
555 2499 702 2554 plebis,
733 2500 993 2554 eloquentior
1014 2514 1140 2554 quam
1162 2499 1303 2550 frater,
1334 2498 1579 2555 perniciosas
1600 2497 1674 2538 ali-

351 2569 454 2610 quot
477 2559 588 2614 leges
610 2559 726 2599 tulit:
759 2558 866 2599 inter
899 2572 1000 2612 quas
1033 2557 1363 2608 frumentariam,
1394 2566 1437 2598 ut
1457 2558 1553 2613 sem
1541 2555 1673 2622 ffl

348 2617 486 2655 triente
501 2618 751 2671 frumentum
767 2617 865 2671 plebi
899 2618 1086 2658 daretur.-
1119 2617 1287 2658 alteram
1307 2617 1439 2672 legem
1459 2613 1675 2670 agrariam,

349 2686 474 2726 quam
496 2678 534 2715 δι
560 2673 686 2716 frater
706 2676 796 2731 ejus
824 2676 1000 2717 tulerat:
1039 2675 1214 2725 tertiam,
1246 2688 1327 2728 qua
1347 2673 1575 2727 equestrem
1604 2685 1675 2712 or-

350 2731 506 2782 dinem,
539 2737 638 2775 tu'nc
678 2747 775 2776 cum
812 2733 953 2779 scruta
990 2732 1334 2786 consentientem,
1364 2740 1676 2788 corrumperet:

1636 2796 1682 2830 ut
