1830 3131
491 219 871 263 EPITOME
939 221 1022 261 Ltss
1069 227 1164 263 119.

139 350 294 404 petenti
320 348 569 405 Cisalpinam
603 348 783 390 Galliam
808 349 994 390 Antonio
1013 348 1236 401 obfisteret‚
1261 350 1475 391 Mutinam

141 423 238 450 curn
259 409 444 450 exercitu
474 409 705 464 occupavit.
783 408 988 451 Praeterea
1024 407 1226 449 discursus
1262 408 1476 464 utriusque

142 468 269 522 partis
304 468 488 509 virorum
523 469 574 509 ad
605 468 862 524 accipiendas
891 467 1137 522 provincias,
1179 467 1477 523 apparatusque

144 526 242 568 belli
273 526 470 570 continet.

557 650 590 690 L
612 650 629 691 Ι
651 650 685 690 Β
708 649 745 691 R
765 649 784 689 I
850 647 1065 690 CXVIII.

145 739 265 815 Μ.
298 767 546 809 BRUTUS
578 766 621 806 in
645 765 811 808 Graeci-⁷1
845 764 917 805 sub
939 775 1145 820 praetextu
1169 765 1410 822 reipublicae
1434 769 1478 810 δε

141 826 314 882 suscepti
336 837 479 867 contra
519 827 583 868 M.
608 826 839 866 Antonium
878 823 972 865 belli
1008 825 1252 876 exercitum,
1289 827 1357 867 cui
1390 828 1478 868 Va-÷

140 885 266 928 tinius
288 896 478 952 praeerat3
500 899 595 926 cum
612 883 818 939 provincia
842 882 884 923 in
907 883 1148 938 potestatem
1171 884 1281 926 suam
1304 886 1477 942 redegit.

144 945 196 987 C
213 945 378 993 Caesari,
403 944 472 999 qui
496 943 651 999 primus
683 941 924 997 reipublicae
957 957 1070 984 arma
1105 943 1346 999 sumpserat,
1381 959 1478 1000 pr0-.

139 1004 325 1058 praetoris
349 1003 568 1070 imperium
593 1017 615 1042 a
647 1001 786 1042 senatu
810 1003 953 1042 datum
985 1001 1042 1042 est
1076 1017 1172 1042 cum
1194 1004 1476 1046 consularibus

138 1062 422 1112 ornamentis;
456 1060 766 1119 adjectumque,
804 1071 849 1100 ut
880 1061 1039 1102 senator
1073 1062 1181 1102 effet.
1246 1064 1311 1105 M.
1340 1066 1476 1106 Anto-

138 1122 232 1163 nius
250 1122 305 1162 D.
329 1122 506 1164 Brutum
531 1121 712 1163 Mutinae
733 1119 906 1172 obsedit,
937 1120 1120 1174 miffique
1139 1122 1188 1161 ad
1206 1134 1302 1161 eum
1318 1136 1340 1163 a
1362 1122 1477 1163 sena.-

139 1192 183 1221 tu
201 1181 324 1237 legati
347 1182 397 1221 de
419 1194 517 1235 pace
533 1193 679 1234 parurn
696 1181 746 1220 ad
767 1193 858 1219 eam
882 1180 1214 1234 componendam
1236 1182 1471 1222 valuerunt.

140 1238 326 1293 Populus
368 1239 586 1281 Romanus
622 1238 712 1293 saga
748 1237 926 1293 sumpsit.
989 1240 1054 1280 M.
1089 1239 1240 1280 Brutus
1273 1240 1315 1280 in
1348 1241 1475 1296 Epiro

138 1296 188 1337 C.
217 1298 448 1340 Antonium
485 1306 703 1362 praetorem
735 1312 829 1340 cum
864 1296 1047 1342 exercitu
1069 1298 1258 1352 potestati
1280 1298 1362 1341 suae
1382 1298 1475 1347 suba-

131 1355 245 1410 jecit.

575 1471 817 1515 LIBRI
884 1471 1052 1515 CXIX.

137 1580 197 1635 C.
234 1594 577 1638 TREBONIUS
606 1594 651 1637 in
688 1593 784 1638 Aac.
818 1594 963 1634 fraude
987 1595 1029 1636 Ρ.
1063 1594 1294 1635 Dolabenae
1315 1588 1475 1637 occisua

136 1656 208 1697 est.
270 1656 338 1699 Ob
381 1656 421 1697 id
454 1655 614 1696 facinus
647 1654 864 1694 Dolabella
896 1652 1022 1694 hostis
1043 1668 1065 1693 a
1087 1653 1228 1695 senatu
1261 1654 1474 1710 judicatus

129 1715 202 1756 est.
268 1716 413 1772 Quum
435 1713 564 1755 Pansa
587 1713 729 1754 consul
749 1712 854 1753 male
877 1712 1069 1754 adversus
1098 1714 1332 1754 Antonium
1367 1726 1474 1767 pug-

136 1774 275 1823 nasset,
331 1778 385 1816 A.
421 1774 585 1814 Hirtius
622 1772 763 1814 consul
810 1787 906 1813 cum
943 1772 1124 1812 exercitu
1166 1772 1474 1827 superveniens,

132 1832 230 1875 fufis
266 1834 330 1875 M.
357 1833 526 1875 Antonii
549 1832 696 1887 copiis,
729 1831 936 1871 fortunam
963 1831 1171 1886 utriusque
1189 1832 1315 1887 partis
1336 1845 1475 1885 aequa-

132 1892 204 1932 vit.
269 1893 422 1933 vietus
460 1892 609 1932 deinde
642 1891 691 1931 ab
724 1891 865 1931 Hirtio
900 1893 939 1931 &
981 1890 1142 1932 Caesare
1184 1891 1393 1932 Antonius
1430 1890 1473 1928 in

136 1950 316 1991 Galliam
341 1951 543 2007 confugit,
591 1952 628 1991 &
659 1951 722 1991 M.
752 1949 960 2004 Lepidum
988 1963 1083 1995 cum
1107 1950 1353 2005 legionibm,
1377 1962 1475 2003 quae

132 2008 205 2049 sub
229 2009 315 2063 ipso
347 2020 478 2060 erant,
518 2008 587 2049 fibi
609 2009 771 2066 junxit:
802 2008 1008 2062 hostisque
1032 2024 1054 2050 a
1077 2009 1218 2049 senatu
1255 2023 1353 2050 cum
1384 2022 1475 2048 om-

134 2067 271 2116 nibus,
307 2068 378 2122 qui
410 2069 516 2107 intr-a
548 2068 728 2122 praesidia
760 2069 849 2123 ejus
878 2067 1018 2117 effent,
1050 2069 1254 2123 judicatus
1277 2069 1348 2110 est.
1414 2070 1469 2108 A.

136 2126 316 2177 Hirtius,
340 2127 410 2181 qui
434 2127 521 2181 post
543 2127 756 2167 victoriam
786 2127 827 2166 in
850 2127 942 2181 ipsis
975 2127 1154 2169 hostium
1192 2127 1331 2168 castris
1367 2126 1474 2166 ceci-2

133 2186 263 2234 derat,
304 2188 342 2226 δε
385 2187 433 2227 C.
462 2185 604 2235 Pansa,
635 2199 657 2225 e
680 2189 864 2235 vulnere,
900 2191 1011 2239 quod
1041 2187 1082 2226 in
1115 2186 1282 2227 adverso
1322 2184 1472 2240 proelio

135 2258 368 2298 exceperat,
405 2244 646 2294 defunetus,
701 2245 742 2284 in
786 2259 931 2298 campo
985 2246 1140 2287 harno
1184 2246 1327 2299 sepulti
1365 2245 1471 2284 sunt.

135 2303 344 2343 Adversus
371 2304 419 2345 C.
445 2304 664 2352 Caesarem,
687 2304 759 2357 qui
783 2303 891 2344 solus
919 2318 940 2343 e
957 2306 1087 2346 tribus
1107 2306 1283 2345 ducibus
1306 2305 1472 2357 supere-2

135 2373 212 2410 rat,
235 2377 378 2416 parum
398 2374 538 2417 gratus
569 2362 732 2403 senatus
761 2362 859 2414 fuit,
882 2364 968 2416 qui,
1002 2365 1056 2404 D.
1089 2367 1229 2412 Bruto,
1261 2361 1473 2403 obsidione

133 2421 362 2465 NIutinenfi
405 2436 426 2461 a
460 2420 617 2462 (Jaesare
652 2421 840 2473 liberato,
878 2422 1034 2463 honore
1070 2422 1269 2476 triumphi
1292 2423 1473 2469 decreto,

142 2479 312 2525 kaesaris
345 2480 605 2534 militumque
646 2481 736 2537 ejus
775 2482 1030 2522 mentionem
1063 2496 1146 2522 non
1184 2481 1277 2521 satis
1315 2489 1473 2535 gratam

132 2538 304 2579 habuit:
338 2537 389 2578 ob
413 2553 504 2592 quae
531 2539 580 2580 C.
607 2538 758 2590 Caesar,
781 2539 1044 2580 reconciliata
1075 2554 1148 2594 per
1172 2541 1238 2582 M.
1261 2539 1473 2593 Lepidum

135 2612 233 2638 cum
269 2598 330 2639 Μ.
367 2597 552 2638 Antonio
573 2595 717 2652 gratia,
739 2598 920 2638 Romam
944 2613 1039 2638 cuni
1062 2599 1244 2639 exercitu
1265 2598 1392 2647 venit,
1419 2599 1475 2650 &,

133 2657 329 2712 perculsis
351 2657 529 2696 adventu
547 2657 638 2712 ejus
661 2657 726 2706 iis,
745 2657 817 2711 qui
847 2657 890 2696 in
917 2672 1009 2697 eum
1036 2657 1166 2711 iniqui
1190 2669 1320 2708 erant,
1342 2671 1474 2712 quum

133 2729 267 2766 annos
290 2715 576 2764 novemdecim
597 2715 782 2767 haberet,
804 2715 944 2757 consul
959 2727 1120 2758 creatus
1138 2716 1210 2758 est.

1314 2775 1471 2820 LIBRI

1612 231 1696 276 297
