1794 3121
171 233 256 289 384

170 360 423 402 Consulatus
444 368 559 402 ortus
580 373 634 403 ex
660 360 785 402 domo
817 363 891 415 Ju-

226 425 308 472 nia,
327 420 366 459 ii.
393 429 431 470 5.

167 504 281 513 ——
302 480 427 519 initus
443 476 641 519 Kalendis
657 479 892 530 Sextilibus,

224 538 282 578 iii.
306 544 346 579 o.

166 619 280 628 --
301 596 440 637 IdIbus
480 595 800 648 Decembribus,
838 600 891 638 iv,

227 667 295 710 37·

164 737 280 749 ———
303 712 440 755 Idibus
465 714 641 761 Martiis,
665 717 764 755 xxii.
790 730 820 756 ι.

164 771 215 811 ad
238 772 505 813 Consulatum
521 785 574 812 ex
590 774 792 826 quaestura
808 774 893 829 *sal-

221 841 302 881 tus,
327 833 454 871 xxxii.
482 844 519 885 7.
542 832 609 870 lex
625 833 674 872 de
694 843 825 881 aetate„
843 834 893 873 ad

219 890 476 931 consulatum
526 892 564 930 &
603 892 701 931 alios
749 892 893 947 magis-

221 960 289 989 tus
308 949 538 996 necess‘aria,
562 950 620 987 xl.
637 960 707 998 44.
732 951 815 1001 lex,
839 964 889 990 ne

221 1009 311 1062 quis
332 1007 589 1048 consulatum
608 1009 785 1049 aliumve
807 1024 892 1050 ma-

220 1066 432 1120 gistratum
450 1064 509 1106 bis
531 1067 634 1105 intra
657 1068 799 1108 decem
822 1083 891 1120 an,-

222 1139 298 1165 nos
342 1133 520 1179 caperet,
552 1126 620 1165 vii.
644 1137 713 1175 42.
757 1140 798 1167 x,
830 1142 889 1183 13.

222 1185 388 1224 lxxxix.
413 1198 473 1224 10.

164 1242 365 1285 Consules
387 1242 506 1298 primi
529 1242 678 1285 Romae
695 1247 833 1295 creati,
858 1262 888 1289 1.

224 1311 295 1346 60.

162 1375 185 1402 a
237 1359 487 1405 Consulibus
539 1360 590 1401 ad
634 1362 889 1405 decemviros

220 1419 464 1461 transfertur
481 1421 712 1473 imperium,
732 1420 785 1462 iii.
803 1435 827 1478 3
841 1438 871 1472 ζ.

277 1477 432 1518 sublato
456 1478 757 1531 decemviratu,
778 1482 887 1521 redi-

214 1547 286 1578 -tur
307 1537 358 1578 ad
379 1534 581 1585 consules,
603 1536 659 1576 iii.
682 1548 749 1589 54.
775 1550 844 1590 55.

276 1597 360 1643 lex,
382 1609 403 1634 a
417 1594 618 1650 Canulejo
634 1596 732 1648 lata,
751 1608 796 1639 ut
811 1611 887 1652 po-

212 1656 312 1709 pulo
353 1652 527 1707 potestas
562 1653 675 1705 effer,
717 1655 793 1698 five
834 1657 886 1696 de

218 1713 352 1768 plebe,
369 1712 446 1751 five
468 1712 518 1750 de
543 1712 726 1754 Patribus
747 1716 886 1763 vellet,

219 1772 406 1814 consules
427 1770 620 1819 faciendi,
653 1772 707 1812 ἰν.
747 1789 780 1815 ι.
817 1773 886 1814 sed

216 1828 487 1871 resistentibus
519 1829 596 1884 legi
627 1832 816 1885 patriciis,
837 1846 885 1872 eo

219 1889 455 1938 decursum,
472 1897 518 1926 ut
540 1887 689 1930 tribuni
707 1892 884 1933 miiitum

219 1962 294 2002 pro
316 1945 547 1989 consulibus
570 1961 820 2003 crearentur,
842 1953 883 1993 6.

220 2019 244 2059 7
276 2065 345 2104 lex
358 2065 406 2104 de
428 2063 592 2104 consule
616 2079 699 2106 uno
720 2066 884 2123 plebejo

218 2124 386 2178 perlata,
409 2123 462 2162 vi.
484 2135 554 2178 35.
576 2123 737 2179 &seqq.

275 2183 432 2236 primus
464 2195 485 2222 e
519 2183 639 2237 plebe
670 2184 811 2224 consul
832 2184 882 2226 L.

217 2240 399 2288 Sextius,
423 2241 477 2281 vi.
494 2252 564 2291 42.
589 2241 657 2280 vii.
682 2256 710 2282 ι.

159 2298 382 2341 Consulem
399 2301 572 2340 alterum
589 2313 643 2340 ex
660 2300 779 2341 Latio
796 2315 884 2343 cre-

215 2358 292 2405 ari,
314 2369 461 2414 petunt
491 2358 646 2412 Latini,
666 2359 750 2400 ›viii-
773 2371 815 2410 4.
839 2374 880 2415 5.

216 2417 298 2457 vid.
326 2418 379 2460 ὅς’
399 2419 511 2458 xxiii.
537 2418 578 2458 6.

159 2473 357 2517 Consules
378 2475 500 2526 ambo
521 2476 572 2516 de
602 2475 736 2532 plebe,
767 2478 879 2519 xxiii.

217 2546 276 2582 31.
299 2535 380 2575 vid.
405 2536 457 2578 ἐς
472 2535 560 2575 xlii.
576 2552 617 2590 9.

159 2591 356 2633 Consules
387 2594 582 2635 ordinarii
623 2597 664 2637 δε
702 2592 879 2644 suffecffi,

217 2649 292 2689 xli.
315 2663 384 2692 22.

276 2710 393 2763 primi
413 2709 597 2756 consules
618 2711 755 2752 omnia
784 2711 877 2769 jaura

710 233 747 277 ‘1
804 235 845 276 N
908 231 950 276 D
1008 238 1044 278 E
1103 235 1161 280 X,

1011 366 1048 404 δε
1070 362 1237 419 insignia
1255 363 1374 421 regiae
1389 359 1678 419 potestatisha-

1008 421 1151 472 buere,
1177 423 1214 463 ii.
1241 438 1278 465 1.

1067 495 1173 521 unus
1225 490 1385 523 tanturn
1441 478 1582 521 consul
1633 480 1677 520 in

1008 538 1107 579 urbe
1127 539 1253 582 fasces
1275 538 1463 588 habebat,
1485 538 1575 578 ibid.

1065 599 1133 638 lex
1155 600 1203 639 de
1227 597 1517 654 provocatione
1533 612 1555 637 a
1579 612 1678 639 con-

1008 656 1159 698 sulibus
1181 660 1230 699 ad
1253 658 1469 713 populum,
1492 655 1533 697 ii.
1558 657 1596 698 8.
1621 656 1674 697 iii.

1011 730 1031 769 5
1041 730 1079 770 5.
1100 729 1146 755 x.
1166 732 1209 771 9.
1538 773 1546 781 .

953 774 1201 817 Consu'ibus
1250 778 1456 817 minantur
1511 775 1677 814 vincula

1006 833 1157 874 tribuni
1178 835 1323 890 plebis,
1346 836 1388 875 ni
1411 830 1566 873 senatui
1590 832 1676 873 dic-

1006 901 1048 931 to
1067 894 1279 935 audientes
1298 895 1390 945 sint,
1408 894 1462 932 iv.
1486 892 1556 933 26.

950 948 1151 992 Consules
1169 947 1407 1007 magistratu
1426 950 1464 991 se
1486 949 1675 991 abdicare

999 1009 1107 1063 juffi,
1126 1025 1164 1050 v.
1185 1023 1249 1066 32.
1274 1014 1354 1052 viii.
1380 1026 1422 1066 3.
1440 1022 1512 1048 xx.
1540 1017 1598 1059 51.

946 1066 1135 1110 Consulis
1167 1070 1224 1111 est
1259 1069 1392 1111 dicere
1415 1069 1675 1117 metatorem,

1005 1126 1060 1166 iv.
1081 1142 1139 1182 3¹·
1164 1129 1266 1168 xxii.
1293 1130 1331 1169 8„

950 1184 1103 1226 Consul
1140 1186 1220 1227 sine
1255 1185 1469 1227 finitoribus
1507 1186 1558 1224 ad
1590 1184 1675 1225 dic-

1004 1253 1179 1285 tatorem
1201 1244 1329 1295 ven-it,
1354 1245 1453 1283 xxii.
1484 1256 1536 1285 11.

949 1299 1139 1344 Consulis
1175 1303 1248 1355 est,
1279 1313 1349 1343 aut
1398 1302 1672 1356 imperatoriS,

1001 1362 1186 1403 dedicare
1232 1362 1456 1417 templum,
1498 1361 1556 1401 ix.
1597 1367 1672 1410 46.

1003 1421 1075 1460 vid
1095 1421 1147 1464 Εἴ
1167 1423 1205 1462 ii.
1225 1434 1293 1477 27.

948 1477 1150 1522 Consules
1183 1490 1277 1521 ante
1325 1479 1378 1521 L.
1415 1478 1670 1521 Postumium

1003 1537 1206 1579 Albinum
1230 1539 1342 1579 nulla
1358 1541 1400 1579 in
1422 1537 1592 1578 reoneri
1607 1536 1671 1578 so-

998 1595 1073 1637 ciis
1093 1606 1163 1637 aut
1184 1596 1335 1638 sumtui
1369 1596 1555 1646 fuerunt,
1578 1595 1666 1636 xlii.

1004 1667 1033 1693 1.

944 1710 1220 1763 Contenebra,
1264 1713 1462 1768 oppidum
1522 1714 1668 1755 Etrus-

1001 1785 1113 1822 cum,
1142 1773 1181 1813 vi
1203 1783 1370 1827 captum
1401 1772 1663 1826 aRomanis,

1001 1837 1057 1870 vx:
1080 1842 1120 1877 4.

944 1886 1168 1929 Contrebia
1200 1886 1242 1926 in
1268 1886 1620 1946 Hispania,1capta
1641 1905 1664 1930 a

998 1948 1143 1989 Fulvio
1173 1946 1337 1996 Flacco,
1380 1949 1439 1987 xl.
1463 1963 1533 2004 33.

893 2023 896 2030 ·
941 2005 1117 2060 Copais,
1138 2006 1270 2060 palus,
1289 2006 1435 2047 xxxiii.
1459 2021 1527 2063 29.

941 2065 1117 2119 Coquus
1159 2065 1324 2118 quando
1358 2066 1540 2120 primurn
1575 2066 1664 2108 Ro*

996 2138 1075 2164 mae
1106 2125 1147 2164 in
1183 2125 1312 2178 pretio
1357 2124 1433 2165 effe
1475 2125 1664 2181 coeperit,

996 2183 1143 2222 xxxix.
1168 2186 1209 2223 ὁ.

939 2240 1066 2292 Cora,
1088 2241 1261 2290 colonia,
1296 2240 1433 2283 deficit
1462 2243 1512 2283 ad
1544 2242 1663 2284 Lati-

991 2314 1081 2350 nos,
1097 2300 1141 2341 ii.
1165 2305 1228 2341 16.
1244 2298 1400 2342 obfides
1417 2301 1487 2341 dat
1507 2301 1663 2343 Rorm-

993 2359 1073 2409 nis,
1092 2366 1302 2413 mun-egat
1329 2358 1563 2401 consulibus
1588 2374 1662 2416 pe-

993 2417 1157 2458 cuniam
1181 2419 1221 2458 &
1236 2416 1407 2468 milites,
1426 2420 1614 2474 xxvii-..9.

935 2474 1214 2524 Coracesium,
1245 2478 1462 2530 oppidum,
1485 2476 1545 2519 ‘ab
1567 2477 1661 2517 Arn-

989 2536 1126 2576 tiocho
1178 2545 1457 2590 oppugnatur,
1502 2535 1655 2576 =miii.

994 2607 1062 2637 20.

933 2646 1354 2709 Coranusager,.viii.
1368 2665 1393 2695 -1
1399 2667 1445 2709 9.

1501 2707 1660 2760 Corax,
