1794 3121
199 192 282 238 556>
712 180 1134 225 INDEX.-

259 305 395 346 xxvii.
419 320 434 347 1
449 319 482 348 1.
505 318 570 361 23.
589 304 706 346 xxix.
729 318 792 360 14.
806 319 901 346 xxx.
1002 317 1035 345 1.
1059 303 1192 344 trunci
1213 302 1412 357 corporis,
1466 304 1542 346 xli.
1567 319 1636 362 53.

261 367 331 418 38.
371 379 513 406 xxxv.
542 379 609 408 21.
646 365 816 404 xxxvii.
855 378 897 418 3.
1001 362 1152 416 biceps,
1174 364 1214 403 δε
1236 362 1368 415 puella
1397 375 1492 403 cum
1526 363 1657 407 denti..

257 422 340 464 xlv.
369 425 435 467 16.
1000 420 1090 468 bus,
1110 419 1179 459 xli.
1200 421 1267 461 26.

342 483 490 524 Murus
528 481 735 536 turresque
761 481 900 521 fuimi-
1070 478 1191 518 Pueri
1212 476 1376 532 ingenui
1413 477 1493 518 fine
1523 479 1670 522 oculis.

259 538 377 581 nibus
390 541 575 591 decussae,
592 554 697 581 xxv.
717 555 754 596 7.
774 539 899 581 xxxii.
1005 536 1041 576 &
1056 535 1150 575 naso
1172 535 1254 575 nati
1293 538 1443 578 xxxiv.
1465 546 1538 587 45.
1601 555 1609 579 ·,

258 611 299 650 9,
316 609 380 650 29,
1070 592 1177 633 Pulli
1198 592 1406 646 gallinacei
1447 607 1541 637 cum
1571 603 1653 635 ter-

338 656 471 698 Naves
484 657 590 706 duae,
607 654 776 696 fulmine
798 653 902 703 i&ae,
1003 650 1064 691 nis
1085 649 1268 705 pedibus,
1283 651 1425 691 xxxii.
1451 665 1487 692 1.

257 713 570 770 conflagrarunt,
626 715 772 754 xxxvi.
834 726 901 766 37.
946 732 1058 739 -—-—
1083 708 1298 762 :anguinis
1331 709 1405 750 rivi
1446 722 1518 762 per
1545 709 1654 750 diem

257 771 330 812 xli.
355 786 415 826 13.
1005 775 1135 806 toturn
1153 766 1310 807 fluxere
1330 766 1372 806 in
1393 766 1482 806 foro
1501 765 1653 810 Suder·

335 829 512 870 Navium
546 829 758 882 longarum
779 824 903 878 speci·
1005 832 1112 869 tano.
1130 824 1243 865 xxvi.
1265 837 1331 879 23.
1349 825 1389 864 in
1406 832 1520 879 porta
1536 824 1652 866 Min-

254 901 297 928 es
334 888 376 927 in
436 887 601 927 flumine
657 883 901 931 Terracinae,
1003 882 1147 930 turnis,
1181 883 1310 922 xxvii.
1349 897 1414 937 37.
1437 881 1652 937 Sanguinis

244 958 338 999 quae
359 946 482 985 nullae
503 952 630 991 erant,
651 942 761 993 visae,
780 943 899 981 xxiv.
1004 950 1131 993 guttae
1147 940 1188 980 iu
1206 942 1310 980 Foro
1333 944 1372 982 &
1396 939 1574 981 Comitio
1602 941 1647 981 ,δε

256 1014 325 1054 44,
1007 997 1209 1051 Capitolio
1244 998 1349 1047 visae,
1390 1001 1542 1037 xxxiv.
1577 1010 1648 1051 45.

329 1059 507 1100 Navium
544 1057 691 1113 species
725 1058 774 1098 de
797 1057 901 1097 coelo
1002 1055 1174 1111 Sanguis
1202 1070 1223 1096 e
1253 1055 1347 1099 foco
1375 1066 1524 1107 manat,
1563 1058 1654 1096 xlv.

254 1118 418 1168 affulsit,
440 1117 531 1157 xxi.
547 1120 615 1158 62.
1006 1115 1064 1156 16·

326 1177 426 1216 Nox
445 1175 619 1216 interdiu
633 1171 713 1214 visa
732 1172 900 1222 intendi,
943 1198 1054 1205 ——
1080 1170 1284 1225 Sanguine
1323 1171 1427 1225 pluit
1462 1169 1645 1222 Calibus,

251 1235 314 1275 vii.
337 1238 402 1276 28.
1001 1232 1042 1271 δι’
1080 1228 1225 1269 Romae
1265 1230 1303 1268 in
1344 1228 1434 1269 foro
1485 1228 1654 1281 Boario‚.

318 1291 422 1331 Nux
440 1292 489 1332 de
511 1290 615 1333 coelo
636 1289 760 1342 taaa,
777 1290 895 1331 xxiv.
1001 1287 1106 1327 xxiv.
1135 1301 1195 1327 10.
1218 1300 1289 1341 per
1309 1286 1482 1327 biduum
1498 1286 1539 1326 in
1553 1301 1644 1328 area

255 1362 321 1390 10.
409 1380 411 1382 .
1001 1344 1195 1394 Vulcani,
1236 1347 1402 1385 xxxix.
1466 1346 1536 1395 46.
1587 1348 1631 1390 δε

324 1407 464 1447 Palma
495 1406 632 1446 viridis
656 1406 757 1455 arfit,
779 1407 896 1451 xxiv,
999 1401 1041 1441 in
1063 1416 1153 1442 area
1195 1402 1455 1449 Concordiae‚
1476 1403 1641 1448 xxxi-x.

252 1475 316 1505 10.
342 1464 383 1503 in
404 1464 490 1504 aede
521 1463 776 1518 Primigeniae
798 1466 896 1506 For-
1002 1463 1068 1512 56.
1092 1459 1173 1499 vid.
1198 1464 1236 1502 &
1260 1463 1317 1500 xl.
1359 1474 1423 1515 19.
1446 1460 1547 1501 xliii.
1576 1471 1642 1512 ις.

244 1529 354 1562 tunae
369 1521 410 1560 in
427 1535 515 1560 area
537 1531 666 1570 enata,
684 1521 783 1560 xliii.
814 1537 828 1562 1
839 1537 878 1577 ς.
1066 1519 1224 1559 Saxum
1242 1520 1381 1574 ingens
1399 1518 1528 1561 Reate
1542 1520 1644 1562 voli-

188 1604 299 1612 =-—-
317 1579 474 1618 Parm'ae
494 1578 536 1617 in
549 1579 654 1620 coelo
670 1578 776 1629 visae,
791 1581 892 1622 xxii.
997 1586 1079 1617 tare
1101 1574 1243 1626 visum,
1262 1589 1365 1617 xxv.
1387 1590 1423 1631 7.
1643 1606 1646 1611 .

253 1649 269 1677 1
281 1663 290 1672 .
1064 1631 1199 1685 Scipio
1212 1633 1478 1685 circumeunti
1493 1632 1648 1689 vigilias

321 1690 545 1735 Pestilentia
566 1700 690 1742 tanta,
706 1702 750 1733 ut
776 1693 884 1735 Libi.
994 1691 1120 1746 equiti
1141 1694 1180 1731 in
1200 1706 1324 1732 manu
1345 1693 1449 1741 arsit,
1468 1694 1575 1732 xxii.
1604 1706 1642 1732 1.

240 1751 323 1791 tina
338 1764 420 1789 non
437 1748 647 1799 sufficeret,
663 1752 725 1790 xl.
747 1767 811 1806 19.
1061 1749 1183 1789 Scuta
1239 1749 1473 1805 sanguinem
1527 1749 1644 1801 suda-

316 1807 448 1848 Pisces
497 1807 753 1848 emerserunt.
807 1824 889 1864 qua
993 1815 1104 1856 runt,
1126 1807 1233 1848 xxii.
1263 1822 1296 1849 1.

242 1865 500 1905 induceretur
512 1876 704 1913 aratrum,
726 1866 796 1907 sub
816 1882 889 1909 ex·
1065 1864 1279 1914 Semimas,
1297 1864 1456 1905 xxxix.
1471 1877 1540 1908 22.
1576 1902 1580 1906 .

241 1923 448 1963 istentibus
464 1922 606 1977 glebis,
629 1924 719 1963 xlii.
744 1940 784 1966 2.
934 1947 1046 1956 —
1065 1922 1235 1978 Signum
1266 1923 1378 1976 Jovis
1425 1922 1470 1963 in
1501 1931 1642 1971 monte

316 1979 469 2020 Porcus
496 1993 590 2020 cum
611 1994 679 2021 ore
711 1982 889 2024 humano
994 1979 1157 2020 Albano
1216 1981 1266 2021 de
1317 1981 1422 2022 coelo
1471 1981 1641 2038 tastum,

241 2037 415 2093 genitus,
439 2036 573 2077 xxvii.
595 2052 636 2089 4.
994 2038 1129 2078 xxvii.
1155 2050 1219 2079 11.
1384 2070 1387 2074 .
1468 2072 1471 2075 .

323 2096 472 2135 Porcus
535 2094 670 2149 biceps
754 2105 886 2145 natus,
1063 2095 1186 2150 Signa
1234 2094 1276 2135 in
1309 2094 1466 2136 Sabinis
1507 2097 1640 2138 multo

241 2151 388 2191 xxviii.
407 2165 465 2192 11.
490 2166 582 2192 cum
615 2152 792 2194 humano
815 2167 881 2193 ca·
992 2167 1136 2195 cruore
1171 2164 1401 2204 manarunt,
1431 2154 1540 2194 xxii.
1568 2154 1641 2207 36.

245 2210 344 2263 pite,
361 2209 498 2249 xxxii.
516 2224 558 2264 9.
993 2211 1163 2252 Lanuvii
1183 2212 1232 2250 ad
1265 2212 1438 2264 Junonis
1468 2211 1637 2265 Sospitae

308 2267 430 2307 Porta
442 2269 491 2308 de
506 2267 609 2308 coelo
628 2267 751 2319 taela,
768 2267 880 2308 xxix.
932 2290 934 2293 ·
991 2282 1132 2308 cruore
1165 2278 1394 2318 manarunt,
1426 2269 1553 2309 xxiii.
1575 2278 1638 2324 313

245 2325 472 2376 14.xxxii.
512 2339 549 2366 1.
573 2338 706 2367 xxxv.
729 2340 771 2376 9.
800 2327 882 2366 le.
934 2348 936 2351 ·
990 2325 1031 2365 in
1044 2339 1139 2380 agro
1159 2325 1379 2379 Capenate,
1411 2328 1461 2367 ad
1495 2327 1636 2368 lucum

244 2385 311 2423 16.
989 2383 1185 2433 Feroniae,
1222 2395 1397 2437 quatuor
1418 2385 1527 2439 figna
1544 2384 1633 2425 san-

311 2443 418 2482 Puer
434 2453 527 2480 cum
547 2439 750 2495 elephanti
771 2440 881 2493 capi·
987 2440 1108 2496 guine
1130 2441 1258 2480 multo
1277 2441 1381 2481 diem
1402 2456 1448 2484 ac
1469 2441 1636 2483 nofkem

240 2505 279 2535 te
295 2506 429 2547 natus,
445 2498 580 2537 xxvii.
616 2512 675 2541 11-
693 2512 776 2538 non
797 2511 883 2536 ma·
987 2498 1195 2548 sudarunt,
1213 2499 1343 2540 xxvii.
1379 2514 1419 2551 4.
1448 2498 1572 2555 Signa
1591 2499 1636 2541 in

239 2568 334 2605 nus,
397 2567 480 2595 non
539 2557 660 2609 pedes
718 2555 882 2604 habens,
988 2556 1188 2610 Capitolio
1214 2556 1426 2606 constrata,
1449 2559 1511 2598 xl.
1531 2569 1603 2612 45.

238 2612 392 2654 xxxiv·
411 2620 480 2666 45.
498 2613 732 2664 unimanus,
750 2624 881 2655 xxxv.
1059 2613 1330 2669 Simulacrum
1343 2615 1518 2667 Junonis
1542 2613 1635 2656 bos-

1537 2671 1634 2740 pita?

1784 2985 1794 3121 :.⁴-,-.0»2-=
1791 2966 1794 2978 ..
