1830 3131
133 202 220 243 240

130 317 224 358 Epiri
238 321 340 359 pra-da

129 364 199 392 data
216 366 325 396 exerci-

127 411 178 438 tui.

126 1573 251 1604 Paullus
264 1573 292 1602 fn

124 1616 244 1649 Italiam
254 1625 318 1648 tra-

112 1664 195 1703 jicit,
211 1676 239 1695 a:
261 1665 299 1697 ω’

122 1708 253 1742 Anicius.

861 195 916 241 T.
963 199 1197 242 Livi?

418 311 624 356 XXXIV.
676 315 802 356 Haud
834 318 976 370 procul
998 315 1091 357 inde
1123 316 1261 358 Anicii
1283 317 1408 358 castra
1430 314 1608 359 aberant.
1632 317 1682 360 ad

359 384 481 426 quem
503 374 629 414 literis
651 374 786 424 miffis,
808 389 857 414 ne
891 375 988 440 quid
1022 376 1070 415 ad
1101 388 1162 425 ea,
1185 390 1275 430 quae
1310 376 1468 426 fierent,
1496 391 1684 417 movere·

359 439 453 470 tur·
443 461 456 481 ,
465 433 640 486 senatum
643 449 700 488 pa
690 433 757 472 aed
767 449 816 472 ηπ
834 433 880 472 F
856 449 951 488 fust
968 433 1200 483 civitatium,
1217 451 1293 488 quae
1307 435 1359 474 ad
1373 435 1510 492 Perfia
1532 433 1680 491 defecff

343 491 446 544 sent,
468 493 657 531 exercitui
665 492 807 548 declff’
841 491 1038 532 submiffis
1063 498 1103 544 (r
1091 494 1128 545 r)
1151 493 1460 534 centurionibus
1482 494 1522 533 in
1548 494 1682 548 fingu-

356 547 414 588 las
437 549 572 599 urbes,
607 551 677 603 qui
711 551 747 590 se
770 550 951 590 dicerent
974 551 1022 589 ad
1044 550 1224 603 praesidia
1255 553 1493 594 deducenda
1515 553 1680 601 vernile,

357 616 402 646 ut
423 606 538 647 liberi
562 609 758 661 Epirotae,
791 609 889 649 sicut
923 608 1189 658 Macedones,
1218 608 1355 660 essent,
1378 611 1505 652 denos
1530 611 1681 665 princi-

354 679 426 719 pes
447 679 495 705 ex
526 666 687 722 singulis
710 668 892 707 evocavit
921 666 1178 708 civitatibus:
1210 667 1358 721 quibus
1375 682 1502 723 quum
1521 671 1680 710 denun·

355 723 506 776 ciafl'cet,
545 736 588 765 ut
611 740 757 765 aurum
780 737 901 780 atque
925 736 1140 780 argentum
1163 726 1204 766 in
1235 724 1444 779 publicum
1478 726 1679 782 proferre-

353 791 435 831 tur,
459 797 530 837 per
550 799 693 825 omnes
725 784 908 825 civitates
941 784 1129 825 cohortes
1151 785 1313 825 dimifit.
1348 784 1440 826 ante
1474 786 1516 825 in
1552 787 1681 826 ulter-

353 839 475 892 iores,
500 841 625 907 quam
649 842 689 881 in
713 843 938 898 propiores,
973 842 1164 897 profeffli,
1197 853 1241 883 ut
1275 856 1362 891 uno„
1386 843 1448 884 die
1471 843 1512 883 in
1534 858 1680 886 omnes

352 900 650 952 perveniretur.
739 902 858 941 Editi
901 901 1073 942 tribunis
1114 901 1428 942 centurionibus
1410 904 1502 956 {que
1545 914 1679 954 erant,

354 971 446 1010 quae
469 973 612 1012 ager&
619 970 710 999 tur.
741 974 805 998 ma
811 957 860 1000 ne
897 973 1020 999 omne
1051 974 1197 999 aurum
1231 973 1530 1016 argentumque
1552 962 1678 1001 colla-

352 1025 473 1055 tum:
506 1017 603 1057 hora
627 1032 671 1071 q·
660 1015 769 1057 larta
792 1019 947 1071 lignum
969 1019 1019 1058 ad
1043 1018 1289 1072 diripiendas
1313 1018 1430 1060 urbes
1448 1020 1589 1059 datum
1619 1019 1678 1060 est

352 1073 571 1115 militibus:
605 1085 796 1130 tantaque
830 1092 919 1130 pire
917 1078 963 1116 la
995 1075 1089 1127 fuit,
1121 1080 1182 1131 (2)
1206 1087 1249 1117 ut
1272 1078 1313 1117 in
1335 1077 1516 1130 equitem
1547 1079 1678 1133 quzd-

351 1132 509 1188 ringeni
551 1134 719 1184 denarii,
754 1135 959 1200 peditibus
993 1135 1142 1175 duceni
1178 1135 1471 1186 dividerentur,
1508 1146 1676 1176 centum

352 1191 649 1247 quinquaginta
685 1194 809 1234 millia
841 1194 1021 1248 capitum
1051 1193 1330 1234 humanorum
1357 1193 1675 1235 abducerentur

349 1249 466 1290 Muri
493 1251 640 1292 deinde
662 1252 912 1306 direptarum
935 1251 1097 1292 urbium
1115 1251 1241 1292 diruti
1260 1251 1351 1292 sunt
1369 1266 1379 1292 ε
1410 1266 1456 1293 ea
1473 1252 1587 1292 fuere
1603 1268 1676 1307 op-

349 1308 444 1362 pida
475 1308 582 1350 circa
622 1310 885 1367 septu-anima.
950 1310 1130 1351 Vendita
1167 1311 1302 1365 praeda
1323 1310 1527 1361 omnium,
1561 1312 1676 1352 deca

349 1366 508 1408 summa
529 1369 598 1408 mil
605 1369 649 1408 iti
671 1380 933 1410 numeratum
963 1369 1040 1409 est.
1100 1369 1265 1410 Paullus
1295 1370 1345 1410 ad
1366 1384 1476 1410 mare
1498 1369 1674 1410 Oricum
1695 1406 1698 1407 γ

349 1425 572 1475 descendit,
613 1442 888 1493 nequaquam,
921 1437 965 1468 ut
1001 1437 1113 1468 ratus
1154 1438 1254 1478 erat,
1291 1428 1464 1483 expletis
1494 1427 1673 1470 militum

348 1484 524 1525 animis:
565 1487 651 1539 qui,
686 1496 880 1540 tanquam
919 1487 1077 1526 nullum
1111 1486 1153 1525 in
1187 1484 1435 1527 Macedonia
1475 1487 1673 1544 geffiffent

348 1541 517 1593 bellum,
551 1554 735 1598 expertes
760 1545 879 1598 legia:
912 1545 1059 1598 praedae
1091 1544 1167 1584 effe
1190 1544 1517 1600 indignabantur.
1556 1545 1673 1586 Orici

349 1615 477 1656 quum
496 1602 627 1643 miffas
649 1617 743 1642 cum
764 1603 955 1657 Scipione
978 1599 1123 1642 Nalic'a
1145 1603 1412 1657 Maximoque
1436 1603 1519 1644 filio
1534 1604 1673 1658 copias

349 1660 572 1710 invenifl'et,
594 1661 774 1701 exercitu
798 1662 837 1701 in
859 1675 977 1701 naves
999 1661 1239 1714 impolito,
1230 1676 1271 1700 1n
1302 1662 1460 1702 Italiam
1498 1663 1670 1717 trajecit.

348 1718 400 1759 Et
415 1718 504 1773 post
526 1734 677 1774 paucos
704 1721 789 1760 dies
823 1720 1008 1766 Anicius
1031 1730 1235 1759 conventu
1257 1720 1509 1774 reliquorum
1527 1720 1672 1774 Epiro-

347 1786 480 1817 tarum
515 1781 864 1832 Acarnanumque
897 1778 1042 1832 §aflm
1078 1777 1268 1832 justisque
1301 1779 1343 1818 in
1374 1779 1533 1819 Italiam
1556 1778 1670 1833 sequi
1700 1790 1705 1794 ’

345 1836 614 1891 principibus,
635 1852 810 1890 quorum
839 1842 872 1886 ἦ·
891 1837 1166 1892 cognitionem
1197 1836 1324 1877 causae
1347 1839 1408 1892 (3)
1436 1837 1668 1886 reservarat,

348 1896 388 1935 δι’
413 1893 510 1948 ipse,
553 1896 723 1936 navibus
762 1895 1021 1950 exspefiatis,
1055 1895 1203 1948 quibus
1238 1895 1332 1936 usus
1372 1895 1668 1937 Macedonicus

345 1952 550 1994 exercitus
568 1964 670 2005 erat,
692 1954 734 1994 in
757 1955 913 1994 Italiam
938 1955 1108 2009 trajecit.
1173 1953 1317 2009 Quum
1349 1953 1436 1994 haec
1460 1954 1501 1993 in
1524 1954 1668 1995 Mace-

345 2011 469 2051 donia
502 2012 709 2066 Epiroque
749 2013 858 2068 gesta
895 2013 1001 2055 sunt
1038 2012 1178 2066 legati,
1208 2012 1278 2066 qui
1308 2026 1403 2052 cum
1437 2013 1578 2053 Attalo
1615 2013 1667 2054 ad

346 2068 574 2109 finiendum
595 2071 747 2111 bellum
771 2072 876 2111 inter
904 2072 1046 2113 Gallos
1081 2074 1120 2112 &
1155 2085 1293 2126 regem
1315 2070 1543 2114 Eumenem
1565 2070 1689 2127 miffi,

344 2137 474 2177 erant,
497 2129 538 2167 in
559 2130 694 2169 Asiam
712 2139 998 2184 pervenerunt.
1040 2129 1222 2170 Induciis
1240 2143 1310 2184 per
1332 2129 1510 2170 hiemem
1526 2128 1664 2180 factis,

348 2189 385 2226 ἃ
413 2186 523 2227 Galli
553 2188 696 2227 domos
720 2188 916 2239 abierant,
952 2190 991 2228 3<
1031 2201 1100 2227 rex
1138 2188 1179 2227 in
1219 2187 1389 2228 hiberna
1420 2188 1665 2229 concesserat

345 2246 605 2300 Pergamum,
628 2247 821 2302 gravique
851 2246 996 2288 morbo
1032 2260 1138 2304 aeger
1176 2245 1325 2288 suerat,
1375 2247 1463 2288 Ver
1482 2245 1664 2301 primum

1614 2318 1665 2346 ex

390 2474 429 2508 C}
451 2484 505 2514 34.
532 2474 587 2516 (ι)
607 2475 680 2506 Hoc
698 2483 756 2513 est,
779 2474 813 2506 ni
833 2474 940 2514 fallor,
951 2476 1068 2517 subdole*
1082 2477 1175 2520 miffis.
1199 2475 1236 2508 E.
1285 2476 1342 2518 (2)
1367 2474 1562 2507 Immensum
1586 2473 1665 2509 hine

341 2521 501 2562 discrepat
534 2520 740 2559 Plutarchus,
767 2520 912 2552 undenas
928 2522 1056 2552 tantum
1087 2522 1257 2554 drachmas
1277 2533 1317 2553 ex
1339 2522 1401 2554 hac
1419 2520 1604 2563 direptione
1627 2520 1661 2550 in

340 2567 457 2598 milites
475 2566 591 2598 divisas
607 2570 761 2605 referens,
776 2566 808 2598 in
821 2567 934 2598 AEmil.
952 2567 1056 2599 Paull.
1086 2569 1144 2609 (3)
1157 2567 1414 2610 Supplestnatui,
1429 2577 1500 2608 quae
1518 2575 1583 2596 vox
1594 2566 1661 2596 for-

338 2614 415 2648 tasse
442 2613 572 2644 excidit.
620 2616 724 2656 Supra
752 2613 773 2645 l.
806 2622 859 2655 39
884 2623 913 2645 c.
944 2614 1133 2657 29.1lacere
1163 2617 1340 2657 cognitionem
1354 2614 1470 2657 finatui
1497 2612 1667 2697 .·ϊ]“ενὐἷνεχ

1619 2665 1641 2693 4
