1830 3131
670 244 690 285 I
753 244 791 286 N

185 369 376 420 ercitum,
435 382 497 420 ¹4.
547 368 770 411 Nuceriam
824 369 865 411 in

186 429 433 469 deditionem
479 428 641 483 accipit,
688 441 753 482 15.
815 430 866 469 ad

188 487 341 528 Nolam
381 487 556 527 vincitur
589 502 612 528 a
650 486 868 538 Marcello,

196 547 259 587 16.
287 549 461 587 Acerras
478 545 631 599 diripit,
656 546 695 585 &
731 545 870 586 Cafili-

190 618 291 644 num
321 615 550 659 oppugnat,
587 617 652 659 17.
680 608 745 647 18.
782 605 871 660 ejus

188 662 415 704 exercitum
451 664 675 717 Campanae
713 662 872 703 deliciae

191 731 402 770 enervant,
424 722 513 764 ibid.
536 735 589 764 ex
609 721 790 762 hibernis
811 735 874 761 re-

191 779 268 831 dit,
291 780 513 821 Casilinum
539 793 870 836 oppugnaturus,

205 852 266 889 19.
289 840 378 894 ejus
419 840 469 879 ad
503 838 742 894 Philippum
763 840 874 894 lega·-

191 897 222 937 ti
252 898 584 952 intercipiuntur,
638 910 708 952 34.
748 899 876 940 Cam-

196 957 314 1011 panis
335 970 456 1011 opem
473 957 630 998 laturus
644 959 695 998 ad
717 957 873 1000 Hamas

191 1015 393 1070 pervenit,
417 1016 485 1069 36.
504 1014 553 1056 ab
570 1015 776 1056 obfidione
791 1015 876 1056 Cu-

195 1088 355 1114 marum
378 1073 562 1126 discedit,
586 1089 607 1129 3
622 1089 654 1128 7.
677 1089 772 1115 cum
805 1089 878 1115 ex-

193 1133 323 1174 ercitu
365 1133 518 1174 Nolam
563 1143 877 1189 oppugnaturus

193 1193 363 1241 accedit,
380 1204 451 1245 43.
477 1191 628 1233 Nolam
649 1202 878 1247 oppugnat,

191 1264 250 1305 44
284 1251 374 1306 ejus
395 1250 557 1305 equites
591 1251 702 1291 mille
722 1252 878 1292 ducen-

194 1311 224 1349 ti
246 1308 501 1363 septuaginta
522 1309 605 1349 duo
626 1310 677 1349 ad
696 1310 877 1351 Marcel-

195 1369 282 1408 lum
304 1367 596 1424 transfugiunt,
616 1369 687 1419 46.

255 1426 449 1468 Puteolos
512 1425 660 1468 frustra
731 1435 881 1477 tentat,

197 1487 302 1526 xxiv.
331 1499 396 1539 ¹3·
425 1483 655 1526 Tarentum
677 1498 751 1540 per
784 1498 879 1539 pro-

196 1544 395 1585 ditionem
418 1543 541 1597 capit,
563 1557 660 1587 xxv.
687 1548 724 1586 8.
748 1558 789 1597 9.
811 1557 876 1586 10.

197 1602 410 1643 confilium
448 1603 536 1654 ejus
569 1603 620 1643 de
651 1602 879 1644 Tarentina

195 1661 310 1702 classe
334 1661 376 1701 in
405 1671 591 1715 apertum
613 1676 724 1703 mare
761 1662 880 1703 emit-

196 1721 335 1772 tenda,
370 1733 435 1760 11.
459 1719 536 1762 Cn.
562 1722 750 1762 Fulvium
773 1735 880 1776 prae-

193 1789 326 1819 torem
366 1778 494 1820 vincit
515 1780 566 1820 ad
598 1780 880 1831 Herdoneam,

200 1851 268 1881 21.

258 1897 301 1937 in
337 1896 605 1952 Campaniam
649 1896 880 1947 contendit,

197 1954 311 1996 xxvi.
339 1969 376 2008 ς.
409 1958 698 2011 oppugnandae
732 1960 881 2000 Romae

198 2013 414 2054 consilium
438 2016 559 2070 capit.
587 2029 622 2070 7.
642 2017 717 2056 tria
751 2015 879 2058 millia

199 2072 382 2127 passuum
400 2073 588 2115 abssoma
610 2075 737 2116 castra
758 2078 881 2124 locat,
939 2076 941 2079 ⁴

205 2144 267 2173 ιο.
290 2130 404 2172 irrito
426 2133 589 2187 incepto
606 2133 789 2184 discedit,
818 2147 832 2174 1
846 2146 882 2175 1.

261 2190 338 2232 Cn.
390 2191 581 2231 Fulvium
597 2193 882 2246 proconsulem

202 2264 297 2290 curn
319 2251 503 2291 exercitu
524 2249 676 2300 fundit,
698 2252 822 2293 xxvii.
847 2267 882 2294 1.

200 2310 288 2364 ejus
305 2309 355 2348 de
378 2309 881 2365 M.Marcelloju‹liciurn.

209 2374 273 2407 10.
317 2367 609 2422 Metapontum
647 2369 685 2409 se
721 2371 883 2424 recipit,

203 2427 291 2467 ibid.
316 2425 532 2467 Lacinium
569 2427 704 2482 copias
741 2430 883 2469 admo-

205 2495 285 2535 vet,
304 2494 371 2538 25.
395 2485 581 2526 Marcelli
603 2500 752 2540 corpus
774 2488 885 2542 sepe-

204 2544 265 2592 lit,
285 2545 446 2600 28.ejus
466 2545 619 2585 annulo
639 2547 698 2584 uti
714 2558 884 2588 conatus

205 2604 256 2644 ad
298 2604 560 2658 decipiendos
608 2602 884 2658 Salapitanos,

206 2674 364 2703 suamet
407 2662 488 2724 ipse
526 2662 669 2702 fraude
710 2663 886 2718 capitur,

202 2721 288 2764 ibid.
312 2722 394 2764 viso
421 2722 553 2777 capite
573 2719 826 2772 Asdrubalis,
840 2721 885 2780 ‘se

854 246 897 288 D
961 246 996 287 1⁴:
1060 247 1118 287 [X.
1578 250 1660 290 525

981 366 1240 422 Carthaginis
1280 368 1487 409 fortunam
1530 385 1661 426 agno-

980 427 1087 468 scere
1104 427 1216 474 dicit,
1254 440 1322 481 51,
1343 428 1479 467 omnia
1512 431 1662 471 auxilia

979 486 1022 526 in
1061 494 1291 525 extremum
1314 485 1444 526 Italiae
1466 490 1660 542 angulum

979 543 1161 585 Bruttios
1182 544 1488 593 contrahit,ibid.

1043 603 1231 650 adversis,
1247 617 1372 654 quarn
1396 603 1580 644 secundis
1598 620 1661 645 re—

982 660 1074 711 bus,
1106 661 1344 711 mirabilior,
1367 662 1490 701 xxviii
1513 676 1577 706 12.
1613 659 1663 704 :ul

981 720 1159 775 Junonis
1181 720 1359 760 Laciniae
1379 723 1580 775 templum
1610 737 1665 762 ae-

983 779 1126 820 statem
1149 778 1246 834 agit,
1282 782 1350 830 46,
1370 794 1480 820 aram
1516 780 1572 821 ibi
1594 782 1664 822 de-

983 839 1092 879 dicat
1113 852 1208 878 cum
1227 839 1383 893 ingenti
1404 852 1538 880 rerum
1555 839 1604 880 ab
1629 841 1681 880 se.

983 896 1186 954 gestarum
1202 896 1337 946 titulo,
1357 898 1446 942 ibid.

1040 955 1195 997 Locros
1217 957 1366 1011 tendit,
1383 958 1496 1001 xxth.
1523 970 1559 1012 7.
1597 959 1669 1000 ad-

982 1013 1096 1054 verso
1128 1015 1275 1070 proelio
1310 1016 1532 1070 perculsus,
1565 1016 1668 1057 Cro—

986 1084 1125 1113 tonem
1147 1072 1373 1115 exereitum
1397 1075 1575 1126 abducit,
1600 1079 1667 1130 36.

1043 1145 1092 1172 ex
1115 1132 1230 1172 Italia
1253 1144 1485 1184 revocatur,
1508 1149 1603 1177 xxx,
1622 1150 1666 1188 9.

989 1203 1050 1245 19.
1088 1190 1281 1231 frendens
1303 1206 1349 1233 ac
1389 1207 1556 1248 gemens
1577 1207 1668 1233 eam

980 1250 1188 1304 relinquit,
1206 1262 1273 1292 20.
1305 1252 1395 1308 ejus
1417 1266 1512 1293 cum
1539 1252 1673 1308 Scipi-

982 1323 1061 1350 one
1082 1308 1353 1363 colloquium,
1394 1323 1448 1365 29
1489 1312 1542 1353 ἐφ’
1561 1313 1671 1367 st’qq.

984 1366 1077 1409 suos
1100 1368 1151 1408 ad
1186 1381 1370 1423 pugnam
1401 1369 1590 1410 hortatur
1629 1373 1669 1411 δὲ

983 1425 1161 1475 instruit,
1185 1438 1253 1479 32.
1287 1426 1423 1469 vietus
1463 1429 1672 1471 Adrume-

983 1493 1072 1524 tum
1095 1484 1293 1540 profugit,
1313 1499 1382 1542 35.
1405 1486 1516 1542 spem
1536 1486 1672 1530 salutis

985 1543 1082 1584 alibi
1117 1557 1202 1583 non
1222 1544 1315 1594 effe,
1338 1559 1460 1600 quam
1496 1545 1539 1586 in
1572 1561 1672 1602 paee

985 1601 1256 1658 impetranda,
1279 1601 1446 1654 fatetur,
1463 1604 1553 1650 ibid.
1578 1606 1673 1648 Gis-

987 1675 1156 1715 gonem,
1178 1661 1229 1702 ad
1260 1658 1565 1705 dissuadendam
1601 1680 1674 1719 pa-

986 1733 1078 1761 cem
1113 1721 1422 1774 procedentem,
1445 1736 1495 1762 ex
1519 1723 1673 1778 superi-

985 1792 1056 1818 ore
1079 1780 1173 1820 loco
1197 1779 1390 1832 detrahit,
1423 1793 1491 1836 37.
1512 1781 1668 1824 Poenos

985 1837 1028 1878 in
1051 1837 1164 1878 curia
1184 1836 1328 1880 flentes
1377 1839 1496 1893 ridet,
1536 1852 1578 1882 et
1611 1844 1674 1882 iu·-

988 1907 1144 1951 crepat,
1159 1909 1230 1951 44.

1047 1956 1221 1997 nuncios
1247 1958 1283 1997 &
1309 1957 1445 2000 literas
1467 1959 1517 1999 ad
1552 1959 1674 1999 Ant-i·-

988 2014 1144 2056 ochum
1199 2015 1340 2056 misisse
1398 2017 1671 2069 insimulatur,

984 2074 1127 2118 xxxiii.
1145 2083 1214 2128 45.
1232 2075 1578 2130 praetorjudicum
1601 2085 1676 2131 po-

987 2132 1174 2184 tentiam,
1196 2148 1361 2189 gravem
1382 2134 1572 2181 libertati,
1594 2136 1676 2175 mi«-

989 2190 1093 2244 nuit,
1110 2195 1182 2245 46.
1206 2193 1466 2248 vestigalium
1485 2193 1674 2248 publico-

991 2265 1083 2291 rum
1098 2252 1278 2293 rationes
1301 2265 1396 2293 cum
1414 2252 1493 2294 side
1514 2254 1551 2292 δε
1577 2267 1675 2306 prus

991 2309 1129 2352 dentia
1147 2311 1420 2362 administrat,
1439 2312 1674 2367 &corrigit.

991 2368 1144 2412 ibid.&
1163 2383 1232 2423 47.
1256 2369 1437 2410 Romani
1458 2368 1673 2426 Carthagi-

992 2441 1046 2467 ne
1080 2427 1331 2468 Annibalem
1356 2427 1561 2476 accusant,
1582 2430 1671 2470 ibid.

990 2485 1152 2541 aufugit
1173 2487 1222 2526 ad
1240 2499 1379 2542 regern
1397 2486 1672 2537 Antiochum,

992 2548 1062 2595 48.
1083 2559 1153 2596 49.
1176 2558 1300 2597 quem
1322 2545 1373 2587 ad
1400 2543 1553 2587 bellum
1574 2560 1674 2588 con-—

993 2602 1106 2652 citat,
1151 2603 1310 2644 xxxiv.
1347 2605 1419 2646 60.
1463 2606 1669 2652 concitare„

995 2673 1165 2710 conatur
1178 2661 1351 2716 Poenos,
1374 2667 1424 2703 61
1438 2693 1447 2702 .

1585 2722 1672 2778 ejixs
