1794 3121
140 232 222 280 428
693 232 710 270 1
777 230 819 271 N

884 228 1141 270 DEX.

206 354 395 409 adversus
428 355 625 411 collegam
649 358 868 411 protervia,
917 353 966 394 L.
987 352 1135 394 Furius
1157 352 1431 405 Medullinus,
1454 352 1642 397 tribunus

207 426 277 467 23.
308 429 451 471 pugna*
467 414 582 455 initio
605 415 867 470 improspera,

207 475 244 513 8<
266 474 515 529 corrigendae
528 476 658 528 eulpae
676 474 869 524 studium,

207 544 274 584 24.
313 532 538 573 moderatio
579 534 621 573 in
656 548 751 574 eum
789 533 870 574 Ca-

206 592 322 644 milli,
341 605 407 645 25.

978 412 1154 451 militum
1189 411 1389 452 consulari
1426 413 1642 468 potestate,

977 471 1031 510 iv.
1067 483 1133 524 25.
1181 471 1232 513 {5³
1256 485 1326 526 35.
1364 471 1532 520 iterum,
1568 486 1641 523 44.

980 540 1141 569 creatur
1159 529 1314 580 consul,
1331 543 1398 584 51.
1416 530 1556 571 consul
1571 533 1645 570 ite-

977 601 1087 634 rum,
1113 601 1179 641 54.
1206 588 1340 631 &61.
1359 588 1546 629 tribunus
1563 588 1642 628 mi-

149 657 201 698 L,
221 649 384 700 furius,
415 648 602 690 tribunus
634 650 780 704 plebis,
812 650 868 690 ix.
978 647 1097 686 licum
1167 646 1366 687 consulari
1431 647 1644 700 potestate,

214 720 288 755 42,
982 719 1112 760 quum
1128 706 1215 761 jam
1230 704 1400 746 funerus
1416 719 1466 746 eo
1487 705 1644 746 honore

145 775 194 818 L,
220 766 365 808 Furius
397 764 637 816 Bibaculus,
672 766 869 820 quaestor,
981 763 1095 813 esset,
1139 779 1201 817 57.
1245 764 1430 813 tertium,
1479 779 1516 804 v.
1575 771 1645 816 14.

202 827 244 867 in
267 826 414 881 proelio
460 826 509 869 ad
554 830 717 867 §annas
761 826 868 866 occi·
985 832 1192 876 quartum,
1227 826 1293 863 16.
1333 825 1542 878 quintum,
1573 835 1644 878 24.

204 884 285 935 sus,
309 884 411 924 xxii.
437 895 505 933 49,
978 881 1155 930 sextum,
1180 888 1245 923 20.
1273 882 1506 936 septimum,
1531 894 1598 936 32.

146 943 196 999 L.
234 944 378 983 Fui-iu,-
420 940 634 990 Camillus,
677 941 870 992 di&ator,
919 939 971 981 L.
1008 939 1154 979 Furius
1194 941 1421 994 Purpureo,
1459 939 1645 982 tribunus

203 1002 338 1042 reddit
369 1001 556 1041 Patribus
590 1000 868 1055 poffessionem

203 1060 413 1115 pristinam
437 1058 687 1110 consulatus,
709 1060 778 1100 vii.
799 1073 868 1113 24.

204 1119 258 1159 ob
279 1119 318 1158 id
357 1117 549 1158 meritum
582 1117 723 1159 consul
760 1132 872 1160 crea-

205 1189 288 1230 tur,
309 1177 394 1221 ibid.
414 1178 570 1232 collega
591 1187 771 1227 mortuo,
808 1177 871 1218 so-

204 1237 270 1277 lus
306 1234 600 1290 rempublicam
641 1237 677 1276 8<
716 1237 872 1277 bellum

205 1292 417 1335 Gallicum
476 1293 742 1343 adm1nistrat‚
798 1308 868 1350 25.

204 1352 330 1393 vincit
372 1352 531 1403 Gallos,
577 1355 646 1394 26.
681 1354 870 1395 adversus

206 1410 379 1451 Graecos
401 1411 451 1450 ad
484 1426 597 1451 oram
621 1413 869 1453 maritimam

204 1468 434 1523 profectus,
470 1471 624 1512 nullam
668 1485 869 1510 memora-

156 1533 160 1536 ’
205 1527 330 1569 bilem
354 1540 440 1567 rem
461 1528 583 1582 gerit,
614 1528 704 1568 ibid.
734 1528 869 1571 dieta-

205 1597 270 1626 tor
290 1587 330 1625 in
352 1600 488 1641 pugna
525 1587 714 1627 adversus
760 1587 870 1627 Aur-

205 1657 352 1693 uncos,
394 1654 514 1685 vovet
548 1646 680 1686 aedem
713 1646 870 1699 junoni

213 1703 420 1754 Monetae,
441 1707 510 1746 28.

151 1764 204 1805 L.
226 1761 376 1809 Furius
394 1761 606 1813 Camillus,
626 1761 866 1812 consul‚viii.

210 1831 275 1873 13.
313 1821 420 1873 capit
459 1820 619 1862 Pedum
656 1822 871 1876 oppidum,

206 1877 293 1918 ibid.
338 1879 577 1946 triumphat,
629 1879 715 1920 ibid.
740 1879 871 1920 statua

205 1936 401 1989 equestris
415 1939 450 1978 ei
464 1940 502 1977 in
521 1936 610 1977 foro
627 1938 767 1998 posita,
784 1938 875 1983 ibid

211 1994 353 2034 consul
375 1997 538 2046 iterum,
563 2009 630 2049 29.

148 2053 196 2095 L
231 2053 380 2093 Furius
408 2054 678 2111 Medullinus
712 2053 875 2108 (Inhoc

208 2113 354 2152 nomine
380 2114 480 2157 tanti
511 2128 656 2155 errores
678 2112 874 2166 implicant

207 2170 313 2224 apud
342 2169 522 2220 Livium,
553 2180 596 2210 ut
634 2170 740 2210 haud
753 2171 876 2226 facile

207 2229 259 2268 ad
277 2228 460 2283 liquidum
472 2227 635 2284 perduci
667 2243 726 2268 res
745 2244 799 2284 p
782 2228 841 2284 ff
840 2237 872 2270 t

210 2287 291 2327 ,Νη-
307 2289 407 2326 tanti
424 2288 486 2343 est.
508 2287 641 2344 Itaque
653 2298 874 2343 apponemus

209 2361 251 2384 no
254 2354 331 2384 tam
352 2362 410 2386 eor
413 2362 475 2385 um
511 2347 683 2395 locorum,
724 2346 763 2384 in
791 2347 875 2400 qui-

979 997 1332 1047 militum‚xxvii.2
1353 1012 1518 1053 praetor,
1529 999 1644 1040 xxxi.

979 1071 1020 1112 4.
1055 1055 1220 1097 sortitur
1262 1059 1458 1102 Gab‘mm.
1499 1062 1539 1098 6.
1580 1071 1645 1100 10.

983 1114 1127 1155 Gallos
1161 1116 1300 1165 vincit,
1348 1133 1412 1160 21·
1456 1116 1558 1170 petit
1575 1116 1647 1157 tri-

981 1173 1201 1227 umphum,
1232 1191 1284 1228 47
1324 1178 1373 1215 de
1395 1190 1441 1221 ea
1460 1189 1501 1221 re
1523 1176 1648 1215 variae

983 1232 1025 1272 in
1045 1232 1182 1272 senatu
1206 1232 1432 1283 sententiae',
1469 1233 1538 1285 48.
1577 1234 1649 1274 tri-

983 1291 1170 1345 umphat,
1193 1307 1263 1347 49.
1302 1303 1463 1334 creatur
1487 1292 1647 1342 consul,

979 1350 1136 1390 xxxiii.
1162 1363 1232 1403 24.
1261 1367 1332 1406 per
1364 1352 1517 1393 tribum
1545 1350 1649 1407 Sap-

978 1408 1132 1462 piniam
1147 1408 1186 1448 in
1207 1411 1328 1465 ssojos
1344 1414 1464 1458 venit,
1481 1422 1551 1463 37.
1573 1424 1650 1465 po-

981 1468 1146 1521 pulatur
1167 1482 1308 1522 agrum
1328 1469 1540 1525 Bojmum,
1557 1471 1647 1513 ibid.

983 1526 1092 1565 aedes
1115 1526 1164 1565 ab
1187 1539 1235 1565 eo
1264 1537 1388 1581 votae,
1410 1527 1554 1575 xxxiv.
1575 1543 1646 1584 53.

982 1597 1105 1623 xxxv.
1142 1597 1212 1634 4¹·
1263 1586 1438 1639 legatus,
1480 1588 1645 1632 xxxvii.

983 1641 1219 1695 551res1stit
1251 1642 1329 1683 Cn.
1369 1646 1538 1697 Manlio,
1572 1647 1647 1687 tri-

983 1691 1186 1756 umphum
1239 1702 1407 1754 petenti,
1469 1705 1646 1747 xxxviii.

981 1771 1052 1808 44.
1077 1772 1146 1813 45.
1184 1759 1263 1809 vid.
1301 1761 1353 1803 Εἴ
1390 1774 1458 1814 54.
1497 1777 1647 1821 magna

982 1816 1246 1858 contentione
1282 1819 1492 1860 censuram
1528 1824 1649 1878 petit,

984 1874 1143 1916 xxxix.
1181 1890 1252 1926 40.
1293 1878 1452 1933 legatus
1482 1882 1522 1920 in
1545 1882 1648 1923 Gal·

980 1935 1079 1977 liam
1111 1934 1420 1991 Transalpinam
1455 1939 1649 1992 mittitur,

984 2007 1056 2050 54·

921 2050 972 2093 L
997 2053 1145 2093 Furius
1161 2054 1390 2108 Purpureo,
1419 2054 1578 2110 legatus
1596 2057 1648 2098 ad

984 2110 1208 2163 concilium
1245 2112 1502 2172 AEtolorum,
1533 2116 1647 2157 xxxi.

986 2183 1052 2222 29.
1071 2170 1160 2225 ejus
1185 2170 1330 2220 oratio,
1355 2186 1426 2226 3¹·

925 2227 978 2281 L
999 2228 1151 2270 Furius
1169 2229 1323 2278 Philus,
1355 2240 1518 2281 creatur
1537 2245 1647 2286 prae-

985 2296 1064 2353 tor,
1095 2287 1186 2327 xlii.
1213 2292 1282 2329 28.
1316 2288 1481 2329 sortitur
1507 2290 1647 2345 Sardi-

986 2346 1113 2396 niam,
1136 2346 1430 2401 31.pontife2„;
1460 2350 1648 2404 moritur,

208 2404 273 2442 bus
291 2403 348 2444 L'.
369 2403 513 2446 Furius
537 2403 783 2445 Medullinus
801 2404 875 2443 ali-

210 2476 317 2514 quem
332 2464 599 2519 *nzaafiratum
628 2461 716 2529 gff
742 2478 762 2501 e
779 2461 874 2502 dici-

986 2403 1090 2444 xliii.
1115 2415 1178 2456 13.

927 2464 992 2506 M.
1022 2461 1167 2502 Furius
1203 2462 1386 2511 defendit
1430 2461 1473 2506 in
1506 2462 1648 2509 senatu

209 2528 289 2566 τιν,
325 2518 407 2561 licet
437 2537 507 2562 non
538 2537 660 2562 omma
695 2524 734 2561 in
757 2536 875 2561 unum
982 2520 1048 2562 Μ.
1084 2520 1320 2572 Aurelium,
1343 2534 1468 2577 quem
1485 2522 1648 2563 accusa-

167 2629 170 2632 >
211 2573 397 2623 hominem
417 2581 654 2628 conveniant,
677 2579 729 2622 ἅθ’
733 2579 816 2637 snt
835 2581 876 2620 in
983 2578 1082 2619 bant
1098 2578 1221 2634 legati
1243 2580 1430 2636 Philippi,
1449 2592 1570 2619 xxx,
1575 2592 1643 2630 42.

212 2634 264 2674 du
255 2649 302 2673 os
322 2638 444 2689 tresve
460 2637 722 2692 dispertienda,
737 2646 778 2677 ut
789 2653 875 2679 con·
926 2639 994 2682 Μ.
1014 2637 1175 2692 Furius,
1195 2638 1369 2693 legatus,
1387 2640 1512 2677 xxxi.
1538 2650 1607 2682 21.

193 2692 277 2749 stat
297 2707 342 2731 ex
364 2693 506 2749 Sigonio
521 2696 597 2735 ad
589 2709 642 2736 iv.
665 2709 736 2747 44.
742 2699 756 2750 )
928 2696 996 2739 Μ.
1025 2694 1172 2738 Furius
1208 2696 1421 2745 Camillus,
1457 2694 1645 2737 tribunus

1468 2752 1647 2808 militum
