1794 3121
648 194 1079 239 INDEX.

129 309 168 352 ‘l
170 310 563 368 riumphumprimus
579 311 669 353 asto
685 313 843 354 honore

183 373 403 438 reportavit
421 371 692 430 Qljublilius
708 371 841 423 Philo,

185 428 269 471 viil.
295 432 367 470 26-

128 483 499 542 lriumphantibus
521 487 608 542 post
643 487 838 528 excitum

184 546 464 600 magistratum
482 546 697 601 imperium
716 558 761 586 ut
782 546 839 586 es-

182 602 254 654 set,
275 619 360 659 quo
375 605 440 645 die
461 604 601 645 urbem
618 604 758 645 inituri
779 604 839 644 es-

183 661 284 713 sent,
325 664 374 703 ad
396 665 594 718 populum
616 662 838 714 ferebatur,

187 723 273 763 xlv.
298 733 368 776 33.

127 781 408 833 Triumphum
424 780 645 820 concedere
669 789 738 819 aut
764 779 838 820 de-

183 853 330 894 negare
345 839 504 878 senatus
525 837 597 884 est.
612 837 668 876 iii.
691 844 759 892 63.

130 897 353 952 Triumphi
377 897 457 937 fine
478 895 721 935 auctoritate
766 897 840 937 Pa-

185 966 314 1007 trum,
339 954 478 1009 populi
502 954 609 1009 juffu
644 955 738 1003 acti,
776 955 832 996 iii.

182 1021 254 1069 (23.
283 1015 350 1055 vii.
379 1026 441 1067 17.
479 1011 559 1051 {ine
595 1012 838 1053 auctoritate

184 1073 372 1123 latrum,
419 1072 499 1111 sinc
546 1072 688 1125 populi
715 1072 839 1128 juffu,

183 1144 225 1173 x.
244 1144 311 1188 37.

125 1188 406 1244 Triumphare
440 1201 524 1227 non
560 1195 732 1241 poterat,
769 1187 842 1241 qui

188 1247 268 1287 fine
292 1247 526 1313 rnagistratu
557 1259 620 1286 res
661 1244 841 1301 geffiflet‚

192 1307 337 1346 xxviii.
358 1310 426 1361 38.
447 1305 582 1344 xxxi.
605 1317 675 1346 20.

128 1364 409 1418 Triumphum
435 1374 591 1424 petens
615 1376 744 1416 quum
761 1362 841 1403 {ine

187 1423 424 1480 magistratu
460 1437 523 1463 res
556 1419 704 1479 geffiffe
709 1431 740 1472 t,
788 1422 839 1462 L.

185 1482 403 1523 Cornelius
447 1481 647 1522 Lentulus
684 1478 841 1520 ovatio-

177 1554 275 1581 nem
292 1541 494 1597 impetrat
499 1541 630 1584 xxxi.
655 1552 721 1580 20.
742 1537 842 1577 item

188 1599 241 1640 L.
259 1598 456 1647 Manlius,
475 1598 645 1637 xxxix.
667 1609 735 1649 29.

130 1657 432 1711 Triumphatur
445 1659 484 1696 in
503 1667 641 1711 monte
663 1653 842 1702 Albano,

185 1717 268 1757 vid.
292 1716 406 1756 xxvi.
429 1726 500 1760 21.

134 1773 393 1829 Triumphus
414 1773 455 1813 in
471 1787 554 1830 quo
567 1785 700 1827 neque
717 1769 844 1824 capti-

185 1834 227 1873 vi
247 1844 339 1873 ante
360 1846 527 1872 currum
548 1830 682 1879 ducti,
713 1842 846 1882 neque

191 1890 314 1945 spolia
336 1891 519 1944 praelata,
541 1902 674 1953 neque
696 1887 846 1931 milites

190 1949 333 1997 secuti,
350 1948 477 1989 xxxi.
496 1963 564 2002 49.

136 2006 412 2061 Triump11u5‚
443 2008 557 2047 nullo
591 2004 698 2045 bello
719 2001 848 2060 gesto,

196 2066 257 2105 xl.
278 2069 354 2120 38.
736 2061 740 2065 ”

137 2123 362 2167 Triumviri
390 2122 561 2167 coloniae
597 2120 848 2170 deducendae

194 2182 334 2232 creati,
356 2181 408 2222 iv.
439 2196 452 2222 1
467 2197 502 2224 ι.
519 2181 571 2224 vi.
588 2194 650 2226 21.
669 2178 753 2218 viii.
780 2186 846 2222 16·

191 2240 258 2280 ix.
283 2244 351 2282 28.
386 2242 477 2280 xxi.
509 2252 578 2295 25.
614 2237 742 2280 xxxi.
775 2252 847 2295 49

188 2298 329 2340 xxxii.
355 2311 425 2353 29.

136 2357 362 2402 Triumviri
382 2346 468 2397 bini
489 2357 616 2398 creari
649 2356 755 2414 juffi,
777 2358 846 2412 qui

193 2416 336 2457 citra&
344 2416 448 2456 ultra
464 2416 846 2472 quinquagesimum

190 2474 387 2529 lapidem,
422 2474 464 2514 in
514 2475 628 2530 pagis
664 2474 846 2529 forisque

199 2535 237 2574 ἃ
267 2531 565 2584 conciliabulis,
586 2547 749 2573 ornnem
780 2548 848 2574 co-

191 2590 303 2645 piam
319 2590 590 2646 ingenuorum
606 2591 851 2647 inspicerent

199 2662 302 2689 xxv.
322 2661 364 2704 5.

138 2707 368 2752 'friumviri
388 2706 489 2760 bini,
505 2708 576 2750 uni
605 2707 725 2750 sacris
747 2722 846 2757 con·

1523 204 1605 257 615

959 311 1180 366 quirendis,
1221 313 1335 355 alteri
1383 315 1609 360 reficiendis

957 371 1111 411 :edibus
1144 372 1280 424 sacris,
1322 376 1458 425 creati,
1511 391 1608 418 xxv.

897 486 1119 529 Triumviri
1150 488 1339 542 capitales
1373 489 1610 533 incusantur

959 544 1008 583 ab
1044 545 1198 593 senatu,
1235 549 1344 600 quod
1379 560 1512 589 coetus
1551 552 1610 590 sa-

956 601 1227 643 crificantium
1257 620 1362 646 novo
1392 620 1504 648 more
1527 622 1610 648 non

954 661 1233 716 prohiberent,
1272 676 1378 704 xxv.
1408 680 1441 705 1.
1461 668 1610 722 juben-

956 731 1024 759 tur
1069 718 1332 761 intentiorem
1386 727 1609 766 custodian

955 777 1266 818 Lautumiarum
1283 782 1477 824 carceris
1481 784 1612 823 abele

956 838 1084 877 xxxii.
1124 839 1192 879 26.
1216 838 1266 876 iis
1290 841 1545 892 mandatum,
1567 852 1612 882 ut

955 909 1027 948 per
1050 896 1190 935 urbem
1211 896 1363 951 vigilias
1381 898 1612 954 disponant,

956 967 1120 994 xxxix.
1143 969 1205 1005 14.

895 1012 1121 1054 Triumviri
1184 1008 1378 1067 epulones
1449 1018 1614 1070 quando

954 1072 1134 1137 primum
1174 1073 1314 1123 creati,
1346 1087 1426 1115 xx
1425 1075 1496 1114 iii.
1541 1088 1612 1122 42

956 1131 1016 1171 iis
1064 1142 1108 1171 ut
1149 1132 1428 1184 pontificibus
1473 1136 1614 1175 datum

952 1189 1021 1245 J‘us
1044 1200 1147 1244 togae
1168 1200 1380 1242 praetexta:
1395 1191 1614 1243 habendae,

959 1248 1045 1288 ibid.
1067 1250 1149 1288 vid.
1174 1259 1202 1289 ex
1242 1250 1286 1300 al.
1311 1263 1382 1299 42.

899 1305 1125 1346 Triumviri
1148 1306 1333 1347 mensarii
1359 1307 1460 1348 faeti
1479 1308 1530 1349 ob
1554 1324 1616 1350 ar-

959 1365 1071 1419 genti
1104 1367 1331 1419 penuriam,
1369 1367 1487 1406 xxiii.
1544 1381 1615 1409 21.

959 1423 1071 1464 xxiv.
1103 1430 1165 1467 18.
1196 1423 1308 1465 xxvi.
1333 1425 1405 1478 36.

902 1481 1089 1530 Trocmi,
1131 1482 1259 1533 Galli,
1289 1493 1494 1535 occupant
1514 1484 1619 1525 Hel·

960 1539 1132 1593 lesponti
1165 1554 1297 1592 oram,
1332 1542 1511 1582 xxxviii.
1556 1548 1620 1586 16.

958 1598 1037 1637 vid.
1058 1598 1326 1654 Gallograeci.

904 1656 1182 1711 Trogiliorum
1206 1671 1364 1711 portus,
1386 1673 1481 1699 xxv·
1504 1671 1573 1713 23.

905 1714 1033 1780 'lroJ'a
1051 1726 1185 1781 capta,
1210 1717 1275 1756 &
1267 1732 1306 1757 in
1324 1720 1526 1773 lrojanos
1550 1724 1620 1758 ire·-

962 1774 1112 1824 vitum,
1134 1774 1162 1814 i.
1193 1789 1226 1813 ι.

906 1832 1035 1887 Troja
1071 1833 1214 1885 depem
1236 1832 1352 1883 annis
1385 1845 1620 1889 oppugnata

963 1901 1015 1929 on
1039 1894 1161 1941 unam
1175 1891 1408 1942 mulierem,
1430 1908 1467 1932 ν.
1491 1905 1529 1941 4.

908 1948 1067 2004 Troja
1058 1963 1099 1988 ln
1121 1946 1405 2004 Euganeorum
1436 1966 1533 2007 agro
1570 1950 1620 1991 ab

968 2009 1179 2054 Antenore
1197 2009 1314 2050 cond.
1320 2018 1374 2061 ta,
1397 2009 1424 2049 i.
1450 2023 1463 2050 1

908 2057 1069 2121 Troja
1061 2080 1102 2105 m
1119 2059 1326 2119 Lauxente
1352 2081 1450 2122 agro
1473 2067 1522 2107 ab
1545 2066 1621 2109 AE-

966 2137 1041 2163 nea
1064 2125 1242 2171 condita,
1261 2140 1285 2164 1.
1314 2138 1350 2165 ι

906 2182 1116 2238 Trojanus
1135 2197 1281 2240 pagus,
1303 2187 1327 2224 i.
1351 2197 1386 2235 r

908 2241 1140 2296 Trojani,i.
1171 2257 1207 2284 1·

910 2299 1149 2340 's’roilium
1141 2314 1183 2339 1n
1200 2298 1360 2351 Etruria
1381 2312 1402 2349 a
1424 2297 1498 2352 Sp.
1521 2296 1622 2339 Car-

968 2357 1065 2398 vilio
1087 2358 1249 2398 consule
1280 2369 1462 2412 captum,
1484 2370 1527 2396 x.
1550 2363 1626 2407 46.

906 2416 1180 2471 Tromentina
1216 2415 1344 2457 tribus
1381 2416 1531 2466 addita,
1568 2416 1630 2466 vi.

910 2531 1144 2587 Trophonii
1164 2531 1320 2587 specus,
1343 2532 1425 2572 xlv.
1441 2542 1514 2586 27.-

911 2590 951 2643 ’1
954 2590 1178 2660 rophonius
1200 2592 1372 2646 Jupiter,
1386 2590 1475 2631 ibid.

1424 2651 1465 2694 Ἰ
1469 2648 1625 2706 typhon
