1830 3131
706 263 1105 306 EPITOME
1167 262 1250 305 Lm
1297 265 1366 304 68.

390 378 599 433 ofitoginta
621 380 765 430 occisa,
798 381 988 421 calonum
1015 382 1051 420 8(
1093 380 1265 421 lixarum
1302 378 1582 435 quadraginta.
1638 378 1712 422 Se·

388 437 572 479 cundum
599 439 739 493 populi
763 439 945 479 Romani
974 439 1206 495 jussionem,
1240 438 1460 494 Caepionis,
1491 440 1611 495 cujus
1647 449 1709 480 te-

389 497 573 538 meritate
596 498 728 538 clades
745 507 909 552 accepta
933 508 1032 546 erat,
1053 498 1233 538 damnati
1249 498 1356 539 bona
1378 497 1584 553 publicata
1600 497 1708 546 sunt,

387 555 508 610 primi
547 556 636 612 post
672 571 809 612 regem
851 557 1158 611 'l'arquinium3
1192 557 1491 612 imperiumque
1531 557 1568 597 ei
1590 556 1707 598 abro-

385 627 541 670 gatum.
575 615 616 655 in
640 615 848 671 triumpho
887 615 935 656 C.
962 616 1086 656 Marii
1118 616 1267 656 duflus
1302 626 1394 656 ante
1431 630 1597 656 currum
1618 615 1709 671 ejus

384 674 586 728 Jugurtha
629 688 723 715 cum
766 675 926 715 duobus
956 674 1065 725 filiis,
1099 678 1137 717 &
1173 675 1213 715 in
1246 688 1406 716 carcere
1438 685 1605 715 necatus
1634 674 1707 715 est.

384 733 543 774 Marius
579 731 816 788 triumphali
849 733 957 774 veste
999 735 1039 773 in
1083 734 1266 774 senatum
1288 733 1415 782 venit,
1447 734 1559 787 quod
1583 747 1706 774 nemo

384 802 476 831 ante
496 806 590 831 eum
627 792 800 832 fecerat:
831 793 953 847 eique
989 803 1154 847 propter
1189 791 1390 834 Cimbrici
1423 791 1518 832 belli
1545 802 1704 832 metum

382 849 645 890 continuatus
663 864 734 903 per
755 853 986 905 complures
1016 865 1144 892 annos
1167 850 1424 906 magistratus
1445 849 1516 893 est.
1547 850 1704 891 Secun-

383 907 437 946 do
462 911 500 948 δε
526 907 648 948 tertio
670 908 811 950 absens
848 909 988 950 consul
1024 921 1198 956 creatus,
1231 919 1423 964 quartum
1445 908 1702 950 consulatum

382 965 675 1006 dillimulanter
691 978 858 1022 captans
880 967 1120 1009 consecutus
1143 969 1212 1008 est.
1276 969 1354 1009 Cn.
1371 968 1583 1009 Domitius
1600 981 1703 1023 pon-

380 1023 480 1063 tifex
505 1025 706 1066 maximus
729 1027 869 1081 populi
892 1026 1081 1081 suffragio
1103 1038 1263 1067 creatus
1285 1027 1356 1067 est.
1419 1025 1593 1076 Cimbri,
1617 1026 1701 1068 vas-

380 1084 473 1122 tatis
495 1082 703 1136 omnibus,
735 1099 827 1137 quae
867 1086 971 1126 inter
993 1085 1245 1126 Rhodanum
1268 1088 1306 1126 δι
1331 1085 1575 1141 Pyrenaeum
1593 1085 1701 1134 sunt,

377 1155 450 1195 per
471 1141 615 1182 saltum
657 1143 697 1183 in
736 1143 977 1198 Hispaniam
1014 1144 1253 1200 transgressi,
1286 1143 1422 1198 ibique
1458 1145 1586 1184 multa
1609 1145 1699 1184 loca

375 1201 574 1254 populati,
607 1217 629 1241 a
652 1201 868 1243 Celtiberis
890 1203 1022 1257 fugati
1046 1203 1163 1243 sunt:
1194 1203 1420 1257 reversique
1437 1201 1480 1243 in
1502 1203 1698 1253 Galliam,

372 1257 570 1302 bellicosis
592 1260 630 1302 se
646 1261 850 1303 Teutonis
871 1262 1190 1317 conjunxerunt.

779 1437 813 1477 L
834 1437 852 1477 I
871 1437 904 1477 B
929 1437 966 1478 R
988 1437 1007 1478 1
1072 1437 1285 1481 LXVIII.

367 1562 485 1643 M.
512 1597 720 1639 Antonius
755 1607 905 1654 praetor
941 1598 983 1638 in
1020 1597 1208 1640 Ciliciam
1230 1599 1457 1641 maritimos
1478 1599 1692 1654 praedones

365 1652 601 1707 persecutus
625 1656 694 1697 est.
758 1657 805 1699 C.
830 1657 991 1698 Marius
1027 1656 1167 1697 consul
1199 1655 1356 1698 summa
1393 1659 1432 1699 vi
1454 1669 1690 1714 oppugnata

364 1725 387 1752 a
408 1710 610 1756 Teutonis
635 1719 675 1757 δε
702 1715 983 1758 Ambronibus
1003 1715 1131 1756 castra
1145 1713 1341 1756 defendit.
1361 1715 1520 1758 duobus
1541 1717 1689 1758 deinde

362 1773 522 1825 proeliis
544 1775 650 1814 circa
676 1775 817 1829 Aquas
837 1774 998 1817 Sextias
1020 1788 1091 1814 eos
1111 1772 1247 1816 hostes
1268 1775 1431 1826 delevit,
1463 1775 1505 1815 in
1539 1775 1689 1830 quibus

361 1829 461 1871 caesa
496 1834 712 1873 traduntur
732 1833 912 1875 hostium
934 1833 1110 1873 ducenta
1132 1831 1275 1884 millia,
1307 1843 1425 1888 capta
1449 1835 1687 1890 nonaginta,

360 1887 524 1932 Marius
556 1890 697 1934 absens
718 1893 911 1947 quintum
947 1891 1088 1932 consul
1122 1903 1282 1932 creatus
1315 1893 1386 1934 est.
1429 1892 1686 1948 triumphum

361 1947 560 2000 oblatum,
593 1951 723 1992 donec
754 1961 795 1992 et
834 1949 1026 1992 Cimbros
1048 1949 1245 2000 vinceret,
1275 1951 1446 1994 distulit.
1508 1951 1685 2002 Cimbri,

361 2007 520 2060 repulso
544 2008 592 2050 ab
618 2010 793 2065 Alpibus
814 2009 1037 2066 fugatoque
1075 2008 1133 2066 Q
1155 2007 1304 2050 Catulo
1323 2008 1582 2064 proconsule,
1613 2012 1683 2065 qui

355 2064 498 2107 fauces
521 2068 695 2122 Alpium
716 2068 940 2118 obsederat,
965 2070 1002 2109 &
1024 2068 1072 2108 ad
1091 2066 1246 2108 flumen
1268 2069 1452 2110 Athesim
1474 2068 1684 2118 castellum

358 2123 514 2164 editum
548 2124 764 2180 insederat,
795 2128 1111 2181 reliqueratque,
1143 2140 1287 2180 quum,
1320 2127 1469 2169 virtute
1505 2127 1573 2169 sua
1612 2142 1685 2169 ex-

358 2181 504 2233 pliciti,
537 2184 764 2240 fugientem
804 2185 1090 2241 proconsulem
1127 2186 1437 2241 exercitumque
1459 2186 1680 2234 consecuti,

355 2239 400 2279 in
420 2240 579 2282 Italiam
603 2244 859 2300 trajeciffent,
876 2243 1034 2300 jundlis
1057 2243 1239 2299 ejusdem
1257 2244 1395 2286 Catuli
1418 2248 1459 2288 δε
1482 2246 1531 2286 C.
1553 2245 1680 2286 Marii

354 2300 618 2352 exercitibus,
650 2303 797 2357 proelio
818 2303 917 2344 vic‘ti
940 2301 1031 2343 sunt
1053 2303 1102 2343 ab
1117 2301 1198 2343 eis:
1227 2301 1269 2343 in
1287 2318 1370 2358 quo
1391 2303 1492 2345 caesa
1512 2305 1680 2345 tradun-

355 2365 422 2397 tur
442 2356 622 2400 hostium
648 2372 816 2402 centum
843 2361 1112 2417 quadraginta
1144 2359 1286 2412 millia,
1316 2372 1434 2418 capta
1456 2361 1680 2418 sexaginta.

353 2414 530 2463 Marius.
563 2418 689 2461 totius
722 2419 897 2462 civitatis
924 2419 1120 2461 consensu
1152 2430 1366 2475 exceptus,
1406 2435 1481 2477 pro
1515 2419 1678 2463 duobus

353 2473 589 2530 triumphis,
620 2478 693 2533 qui
728 2478 1021 2528 offerebantur,
1052 2492 1137 2519 uno
1179 2488 1398 2522 contentus
1433 2479 1528 2529 fuit.
1586 2477 1678 2520 Pri-

349 2546 486 2574 mores
508 2536 697 2586 civitatis‚
729 2537 800 2591 qui
835 2536 1073 2592 aliquandiu
1104 2547 1151 2579 ut
1181 2552 1289 2579 novo
1310 2537 1483 2589 homini,
1515 2538 1565 2579 ad
1587 2545 1678 2578 tan-

351 2599 417 2631 tos
437 2591 614 2636 honores
638 2597 800 2646 evecto,
831 2596 1076 2646 inviderant,
1109 2596 1388 2638 conservatam
1421 2596 1472 2638 ab
1501 2610 1552 2637 eo
1569 2608 1681 2636 rem--

350 2647 557 2700 publicam
583 2654 829 2696 fatebantur.
891 2653 1100 2698 Publicius
1121 2654 1357 2707 Malleolus,
1376 2663 1506 2696 matre
1527 2653 1678 2707 occissi,

349 2706 505 2761 primus
527 2710 684 2754 insutus
704 2713 840 2767 culeo,
870 2713 914 2754 in
949 2727 1060 2754 mare
1080 2712 1355 2768 praecipitatus
1376 2713 1455 2754 ests
1510 2713 1680 2757 Ancilia·
1715 2712 1718 2722 ’

349 2773 445 2807 c'urn
482 2767 651 2827 strepitu
689 2783 801 2816 mota
836 2772 934 2828 effe,
964 2780 1185 2829 antequam
1221 2769 1475 2818 Cimbricum
1515 2770 1673 2876 δείμυηι

1477 2844 1557 2877 ΦΩ
1580 2845 1671 2876 Um·
