1830 3131
66 1696 71 1702 .
141 1665 435 1715 Antimachus,

702 245 720 289 1
787 247 831 288 N
894 247 939 291 Ι)
982 249 1037 290 Ἐ
1100 247 1156 289 x.
1562 253 1655 304 ¹227

212 371 280 414 vii.
320 383 391 429 33,
429 371 529 413 xxii.
570 385 610 426 5.
649 372 775 414 xxvii.
805 377 872 417 18.

155 431 301 473 Antias
327 433 515 472 Valerius
538 432 618 473 vid.
643 432 849 474 Valerius.

155 491 358 530 Antiates.
375 491 454 531 vid.
477 490 664 531 Antium.

152 549 351 603 Anticyra
390 559 624 605 oppugnata
671 550 708 589 8<
756 558 873 604 capta

208 607 381 647 traditur
397 608 562 658 AEtolis,
577 607 686 647 xxvi.
709 612 775 649 26.
790 608 870 650 vid.

210 666 264 708 ἔθ’
283 666 420 707 xxviii.
440 671 476 708 8.
505 668 557 710 &³
577 666 708 707 xxxii.
735 674 796 709 18.

150 723 459 779 Antigonenfis,
477 727 561 766 xlii.
592 728 656 776 58.
683 723 782 768 xliii.
801 736 868 777 25.

149 783 375 838 Antigonia
396 784 524 840 Epiri,
540 783 671 826 xxxii.
696 797 736 835 5.
770 785 871 826 xliii.

207 852 274 893 25.

146 900 372 958 Antigonia
391 902 665 953 Macedonke,
686 903 783 944 xliv.
807 912 871 946 10.

146 960 350 1016 Antigoni
367 961 685 1017 apophthegma‚
709 964 764 1002 xl.
783 975 851 1003 21.

147 1017 400 1076 Antigonus,
417 1019 651 1062 Echecratis
668 1021 791 1070 filius,
811 1021 867 1061 xl.

208 1087 278 1128 54.
320 1077 556 1134 Philippum
588 1080 733 1121 edocet
760 1080 870 1120 ordi-

201 1150 297 1178 nem
319 1151 486 1178 omnem
515 1136 750 1179 insidiarum
774 1140 871 1180 Per-

202 1194 256 1235 sei
280 1197 320 1235 in
354 1195 632 1246 Demetrium,
676 1210 741 1252 55.
772 1211 869 1238 eum

202 1253 273 1294 fibi
295 1254 469 1294 destinat
491 1254 754 1296 succefforem
771 1255 871 1296 Phi·-

202 1312 352 1366 lippus,
378 1318 443 1363 56.
478 1313 636 1367 legatus
659 1315 796 1356 miffus
818 1315 869 1355 ad

201 1371 468 1412 concitandos
515 1372 747 1425 Bastarnas,
802 1384 869 1429 57.

162 1480 164 1482 ‚
203 1443 300 1470 eum
323 1429 520 1471 interficit
544 1431 728 1480 Perseus,
757 1435 821 1483 58.

143 1487 399 1545 Antigonus,
440 1500 688 1543 purpuratus
721 1489 870 1540 Persei,

200 1548 298 1588 xliv.
343 1551 411 1590 26.
470 1548 648 1588 mittitur
699 1548 869 1589 AEniam

197 1621 295 1647 cum
318 1606 428 1646 mille
446 1606 666 1660 equitibus.
686 1623 750 1657 32.

510 1665 733 1720 praefedtus
794 1667 871 1707 alae

199 1723 335 1773 sacrae,
358 1723 398 1764 in
423 1724 507 1765 acie
531 1726 653 1774 cadit,
688 1725 773 1764 xlii.
800 1728 869 1767 δέ).

141 1782 435 1831 Antimachus,
468 1782 691 1838 praefec'tus
711 1785 869 1825 Deme·

197 1841 353 1891 triadis,
386 1842 482 1881 xliv.
518 1858 579 1897 ¹3·
612 1854 679 1893 24.

139 1899 364 1950 Antinous,
381 1901 570 1955 princeps
588 1901 762 1942 civitatis
781 1901 874 1942 Pas-

198 1958 366 2008 saronis,
402 1959 582 2000 desciscit
615 1976 637 2001 a
669 1961 873 2003 Romanis

204 2018 242 2057 δι
269 2016 531 2064 interficitur,
554 2020 637 2061 xlv.
666 2023 733 2062 26.

144 2073 381 2124 Antiochia,
451 2076 597 2118 xxxiii.
676 2092 737 2134 ¹9·
799 2089 870 2127 41.

200 2133 376 2172 xxxviii.
424 2149 485 2191 ¹3·
529 2131 730 2190 templum
756 2137 870 2189 jovis

198 2192 421 2246 Capitolini
464 2193 732 2250 magnificum
777 2196 871 2236 An-

162 2300 165 2305 ,
199 2250 381 2304 tiochiae,
398 2251 470 2292 xli.
499 2267 566 2308 ²3·

143 2310 378 2351 Antiochus
404 2311 603 2366 Magnus,
633 2325 709 2352 rex
727 2311 871 2367 Syriae,

197 2367 340 2410 foedus
386 2368 458 2409 icit
518 2384 613 2410 cum
663 2370 873 2426 Philippo,

200 2427 320 2467 xxxi.
354 2439 421 2477 14.⁴
449 2426 610 2476 ,bellum
640 2429 874 2471 tranfitum-

199 2499 280 2540 que
340 2485 383 2526 in
433 2484 643 2541 Europam
689 2488 874 2540 molitur,

201 2544 346 2585 xxxiii.
405 2558 466 2598 13.
502 2558 647 2586 ornnes
689 2545 874 2587 civitates

200 2602 418 2646 Ptolemaei
449 2602 491 2643 in
531 2603 790 2660 Coele-Syria
831 2605 875 2645 in

198 2660 312 2703 suam
341 2661 584 2718 potestatem
607 2663 772 2718 redigit,
812 2677 876 2716 19.

199 2720 326 2777 legati
365 2720 630 2765 Rhodiorum
670 2723 722 2762 ad
762 2734 877 2771 eum,

203 2790 272 2823 20.
297 2782 337 2822 &
375 2779 683 2834 Romanorum,
714 2789 785 2836 35.
814 2780 878 2835 hi-

981 370 1126 412 bernat
1145 370 1288 426 Ephefi
1306 388 1318 421 ;
1341 371 1430 428 ejus
1451 387 1516 416 res
1529 372 1654 430 gestae

981 430 1023 471 in
1046 431 1240 486 Asffbssss·
1261 430 1477 473 Cornelius
1493 434 1653 488 legatus

978 488 1115 530 miffus
1133 487 1182 529 ab
1205 488 1345 530 senatu
1359 490 1410 529 ad
1423 491 1652 533 dirimenda

979 547 1085 588 inter
1128 547 1388 588 Antiochum
1437 552 1477 591 &
1513 549 1653 590 Ptole-

981 621 1133 647 maeum
1166 607 1405 657 certamina,
1444 622 1512 661 39.
1544 610 1651 664 regis

981 664 1232 721 responsum,
1247 676 1316 715 4o.
1334 666 1439 706 redit
1456 666 1498 706 in
1514 667 1653 708 Asiam

982 724 1233 775 Antiochus,
1274 725 1510 780 patiturque
1550 740 1653 766 nau-

979 781 1178 839 fragium,
1222 798 1293 836 4¹-
1336 783 1386 824 ab
1415 798 1465 825 eo
1496 785 1653 825 bellum

979 841 1195 884 imminere
1233 843 1453 896 Romanis,
1507 845 1652 884 decem

979 900 1102 956 legati
1124 901 1338 952 nunciant,
1374 912 1446 953 44.
1479 903 1530 944 ad
1552 916 1651 943 eum

979 960 1088 1015 fugit
1114 961 1307 1008 Annibal,
1331 975 1401 1014 49.

1007 1070 1010 1071 ⁷
1040 1019 1209 1059 molitur
1254 1018 1410 1060 bellum
1461 1020 1654 1062 adversus

979 1076 1212 1126 Romanos,
1262 1090 1391 1120 xxxv,
1447 1094 1509 1133 13.
1563 1081 1655 1136 ejus

977 1150 1074 1177 cum
1114 1135 1242 1176 Villio
1284 1137 1419 1192 legato
1456 1137 1656 1193 discepta-

981 1194 1053 1244 tio,
1111 1208 1174 1249 ¹5·
1209 1195 1359 1251 trajicit
1408 1196 1655 1250 Hellespon-

979 1262 1083 1302 tum,
1108 1266 1176 1307 23·
1196 1256 1308 1294 venit
1322 1254 1654 1308 Demetriadem,

978 1312 1183 1353 arcessitus
1207 1312 1257 1353 ab
1280 1312 1449 1357 AEtolis.
1472 1326 1543 1365 43.
1566 1315 1656 1369 ejus

981 1373 1024 1412 in
1054 1370 1229 1413 concilio
1252 1371 1491 1413 AEtolorum
1508 1373 1656 1420 oratio,

981 1442 1052 1482 44.
1086 1430 1317 1483 Imperator
1349 1433 1577 1486 appellatur
1605 1431 1656 1470 ab

981 1487 1151 1536 AEtolis‚
1177 1499 1246 1542 45.
1280 1497 1412 1530 tentat
1442 1491 1659 1531 Romano-

979 1561 1075 1588 rum
1096 1546 1241 1598 socios,
1265 1559 1335 1598 47.
1357 1549 1393 1590 ei
1413 1560 1551 1604 portas
1563 1562 1661 1603 ape-

980 1606 1095 1647 riunt·
1136 1605 1456 1659 Chalcidenses;
1517 1609 1660 1662 Salga-

981 1679 1102 1706 neam
1147 1668 1187 1707 δε
1220 1665 1433 1707 castellum
1463 1668 1515 1708 ad
1537 1667 1658 1708 Euri-

979 1739 1080 1781 pum
1097 1725 1221 1780 capit‚
1250 1734 1317 1775 51.

1040 1783 1229 1840 adjungit
1309 1782 1380 1824 fibi
1471 1783 1661 1834 Boeotos,

980 1842 1127 1883 xxxvi·
1161 1848 1200 1883 6.
1228 1841 1447 1885 Annibalis
1482 1841 1661 1884 orationi

981 1916 1066 1942 non
1105 1901 1250 1946 credit,
1297 1914 1333 1956 7.
1371 1904 1410 1942 8.
1446 1901 1547 1957 legit
1576 1903 1660 1943 oss'a

982 1962 1267 2004 Macedonum
1296 1961 1347 2001 ad
1369 1959 1661 2016 Cynoscepha-

979 2020 1053 2069 las,
1088 2024 1127 2062 8.
1151 2019 1437 2061 Thessalorum
1460 2020 1583 2074 legati
1607 2021 1659 2060 ad

980 2092 1094 2132 eum,
1117 2095 1156 2134 9.
1192 2078 1301 2133 capit
1321 2078 1475 2119 Pheras
1501 2081 1538 2118 &
1554 2079 1659 2119 Sco-

978 2139 1122 2179 tuss’am
1152 2138 1239 2178 ibid.
1264 2146 1348 2177 arte
1387 2140 1470 2191 Ap.
1494 2136 1661 2178 Claudii

980 2197 1208 2238 deterretur
1225 2196 1275 2238 ab
1289 2195 1507 2237 obfidenda
1527 2194 1663 2236 Laris-

980 2256 1035 2305 sa,
1066 2270 1126 2296 10.
1151 2257 1266 2297 ducit
1294 2254 1495 2310 virginem
1535 2254 1661 2295 Chal-

979 2315 1217 2364 cidensern;
1287 2313 1378 2369 ejus
1451 2312 1658 2354 exercitus

981 2372 1148 2414 luxuria
1219 2371 1516 2425 corrumpitur,
1592 2386 1657 2413 11.

985 2432 1186 2474 Medione
1237 2440 1451 2483 exceptus,
1499 2429 1660 2487 Thyrio

983 2489 1193 2540 exclusus,
1229 2489 1336 2529 redit
1365 2489 1409 2529 in
1440 2488 1663 2540 Euboeam,

990 2563 1055 2591 12.
1093 2548 1123 2587 it
1161 2547 1204 2587 in
1235 2546 1451 2598 AEtoliam,
1493 2548 1590 2589 dein
1617 2548 1661 2588 in

989 2606 1135 2648 saltum
1155 2604 1547 2664 Thermopylarum,
1597 2623 1608 2649 ι
1622 2617 1665 2658 5.

986 2664 1160 2706 caeditur
1200 2663 1251 2706 ab
1286 2665 1365 2707 Μ’.
1399 2666 1536 2707 Acilio
1554 2665 1660 2706 Gla-

987 2722 1145 2768 brione.
1169 2722 1352 2780 consule,
1380 2739 1446 2783 ¹9·
1467 2726 1556 2781 eju,¹
1585 2724 1663 2765 sta-

1059 2781 1098 2822 Z
1592 2791 1666 2824 tua
