1804 3121
111 244 194 286 318
824 237 878 280 T.
928 235 1126 279 LIVII

329 368 439 398 navet
465 357 644 397 onerarias
672 355 888 395 frumentum
916 365 1100 406 portantes
1126 354 1251 405 viginti
1277 352 1383 405 cepit.
1405 350 1563 403 reliquas
1580 351 1644 390 de·

105 410 268 456 Rug‘st‘*
328 411 458 465 preffit,
476 417 510 451 &
530 423 684 465 quatuor
715 413 820 449 etiam
842 409 1157 461 quinqueremibus
1187 409 1317 459 potitus
1337 405 1399 446 est.
1459 406 1534 444 Res
1553 415 1642 457 quo·-

104 460 215 502 P‘ff‘f·
328 479 399 519 que
417 466 579 519 prospere
598 465 702 516 gestae
722 466 756 502 in
788 464 950 501 Thracia
970 477 989 500 a
1006 461 1150 506 Perseo,
1178 478 1285 514 quum
1303 459 1349 500 εὸ
1370 462 1414 500 ad
1440 460 1557 512 Cotyn
1578 460 1642 498 de-

328 521 547 560 fendendum
561 518 728 559 adversus
747 517 908 556 Atlesbis
928 521 962 555 &
983 517 1138 566 Con-agi
1158 517 1279 568 copias
1295 515 1500 555 divertisset.
1554 513 1641 552 Nec

327 571 414 614 vero
443 573 514 628 ipse
544 575 602 613 fibi
622 575 736 624 Cotys
755 571 883 616 defuit,
913 572 969 608 vir
982 570 1081 610 bello
1099 571 1274 615 strenuus,
1294 570 1440 609 consilio
1460 566 1644 620 praestans,

327 627 461 669 Thrax
488 643 616 681 genere
636 627 722 669 solo,
749 639 819 665 non
840 626 1009 664 moribus.
1067 624 1163 663 Nam
1186 629 1219 664 &
1239 625 1358 663 unicae
1379 623 1578 663 sobrietatis
1598 635 1643 660 ac

326 686 566 737 temperantiae
585 683 663 727 fuit,
685 683 852 733 idemque
872 678 1062 718 dementia
1087 684 1120 718 &
1143 680 1388 719 moderatione
1406 680 1514 719 animi
1533 677 1642 731 plane*

325 739 499 779 amabilis.
1416 735 1427 739 '⁴

100 780 242 836 224⁰*ae
384 793 473 839 (V.)
505 793 643 830 Cuncta
662 787 790 830 Perseo
819 802 863 826 ex
885 799 969 827 voto
989 789 1158 829 fluebant.
1190 788 1284 827 Nam
1312 791 1344 826 &
1365 798 1450 827 tunc
1470 788 1640 841 Epirota-

97 829 294 912 Zffguntfi
327 859 403 885 rum
416 860 503 896 gens
518 846 553 884 in
569 847 642 898 ejus
664 856 781 895 partes
802 843 949 889 transiit,
966 846 1110 881 auclore
1131 844 1305 895 Cephalo.
1334 857 1440 894 quem
1461 854 1579 882 tamen
1592 844 1640 882 ad

98 921 161 949 tm
171 886 310 962 ’3ρῖῒῂ
326 901 564 940 defectionem
593 899 770 937 necessitas
791 899 899 947 magis
928 898 1115 948 compulit,
1143 897 1250 949 quam
1271 897 1448 937 voluntas.
1506 899 1560 943 Is,
1575 897 1641 935 sm·

323 956 437 1007 gulari
473 953 664 1006 prudentia
698 958 730 991 &
767 951 897 991 consta.
922 952 963 996 >a
995 955 1176 1004 praeditus,
1213 963 1288 991 tum
1322 965 1466 1004 quoque
1501 951 1637 1004 optima

323 1020 445 1048 mente
460 1021 536 1047 erat
605 1008 710 1046 Deos
736 1008 831 1044 enim
853 1006 1071 1046 immortales
1098 1018 1260 1059 precatus
1286 1007 1414 1048 fuerat,
1444 1017 1483 1048 ut
1502 1007 1635 1046 bellum

322 1065 415 1102 inter
438 1063 623 1103 Romanos
639 1065 673 1100 &
695 1059 822 1099 Persea
853 1076 898 1099 ne
922 1061 1150 1106 conflaretur,
1172 1075 1261 1100 neve
1280 1063 1325 1100 de
1354 1059 1488 1099 summa
1517 1074 1634 1100 rerum

321 1118 588 1156 decerneretur.
647 1116 705 1154 At
724 1128 856 1154 exorto
876 1116 968 1154 bello
997 1115 1163 1156 statuerat
1183 1130 1232 1154 ex
1251 1115 1397 1154 foederis
1424 1113 1635 1167 praescripto

325 1171 515 1210 Romanos
533 1173 676 1221 juvare:
708 1181 836 1221 prseter
854 1170 997 1208 foederis
1019 1183 1137 1209 autem
1158 1171 1252 1221 leges
1274 1169 1362 1208 nihil
1382 1169 1476 1207 ultro
1497 1169 1632 1217 facere,

320 1239 439 1279 neque
457 1224 601 1277 obsequi
619 1225 792 1264 indecore
815 1228 847 1261 &
869 1225 1031 1275 turpiter.
1089 1226 1266 1264 Turbavit
1283 1226 1358 1263 haec
1377 1222 1522 1262 consilia
1540 1224 1634 1262 Cha-

320 1294 429 1331 ropus
446 1279 608 1332 quidam,
643 1280 716 1330 ejus
747 1279 917 1329 Charopi,
951 1277 1011 1330 qui
1040 1277 1164 1317 saltum
1193 1281 1240 1317 ad
1263 1281 1390 1318 Aoum
1418 1291 1559 1316 amnem
1579 1278 1631 1323 T.

319 1333 477 1386 Qintio
496 1346 622 1372 contra
643 1334 845 1385 Philippum
865 1331 1010 1371 bellanti
1029 1340 1226 1385 aperuera⁴,
1260 1346 1387 1386 nepos,
1408 1332 1487 1370 vilis
1506 1339 1632 1383 poten.

316 1389 449 1426 tiorum
464 1386 668 1432 assentator,
685 1389 720 1424 ὅτ.
736 1388 843 1425 mirus
859 1387 1114 1426 calumniarum
1135 1389 1170 1425 in
1187 1388 1362 1439 optimum
1382 1399 1560 1439 quemque
1575 1400 1632 1426 ar-

317 1441 426 1480 tifex.
460 1442 589 1480 Romae
607 1443 777 1479 educatus
797 1440 926 1485 suerat,
939 1441 1055 1488 missus
1074 1443 1118 1480 ab
1131 1455 1198 1484 avo
1212 1443 1247 1481 in
1264 1443 1400 1484 urbem,
1415 1451 1456 1479 ut
1469 1440 1630 1490 linguam

318 1495 522 1535 Romanam
542 1494 729 1547 literasque
749 1493 974 1546 perdisceret.
1007 1495 1111 1534 Hinc
1131 1507 1235 1534 notus
1269 1493 1437 1547 carusque
1467 1493 1630 1545 plurimis

317 1549 696 1601 Romanorum,quum
710 1548 902 1588 revertisset
916 1550 1079 1594 domum,
1094 1549 1220 1589 natura
1235 1550 1335 1592 levis,
1349 1551 1380 1588 δι
1397 1549 1539 1599 ingenio
1549 1563 1629 1601 pra-

313 1618 391 1649 vus,
408 1618 517 1654 quum
532 1604 570 1642 δι
584 1603 750 1642 Romana
765 1603 797 1641 ei
812 1603 964 1641 amicitia
979 1603 1112 1642 faceret
1123 1604 1454 1657 animos‚principes
1468 1603 1562 1642 viros
1574 1601 1629 1642 us·-

312 1672 383 1710 que
399 1659 596 1698 allatrabat.
644 1658 714 1697 Sed
730 1654 845 1708 primo
858 1655 1115 1707 despiciebatur
1129 1659 1174 1697 ab
1186 1661 1366 1703 omnibus,
1381 1671 1448 1695 nec
1464 1656 1536 1697 ulla
1553 1660 1629 1710 ejus

312 1715 404 1751 ratio
419 1714 624 1757 habebatur.
663 1711 855 1763 Postquam
871 1723 986 1750 autem
1008 1713 1139 1751 bellum
1161 1713 1339 1752 Persicum
1354 1711 1547 1750 conflatum
1561 1711 1627 1758 est,

310 1781 423 1819 quum
452 1768 554 1820 plena
574 1768 693 1805 omnia
712 1765 945 1818 suspicionum
965 1767 1000 1804 in
1029 1766 1175 1806 Graecia
1193 1767 1315 1812 essent,
1345 1765 1465 1804 multis
1492 1767 1627 1818 palam,

309 1822 470 1873 pluribus
489 1819 630 1860 occulte
661 1819 791 1861 Perseo
820 1819 1052 1865 studentibus,
1085 1835 1156 1860 non
1176 1821 1310 1861 destitit
1331 1821 1518 1872 Charopus
1547 1833 1624 1868 eos,

309 1877 373 1929 qui
391 1876 600 1915 auetoritate
629 1876 722 1914 inter
745 1875 912 1926 Epirotas
934 1875 1160 1926 praestabant,
1179 1877 1273 1928 apud
1297 1876 1485 1915 Romanos
1503 1875 1625 1916 crimi-

310 1930 400 1969 nari.
459 1930 508 1968 Et
525 1929 675 1982 speciem
689 1930 879 1982 quamdam
900 1928 1130 1982 coloremque
1158 1932 1265 1969 dabat
1283 1932 1356 1983 ejus
1375 1928 1562 1969 calumniis
1581 1943 1625 1969 ea

309 1983 535 2023 neceffitudo,
556 1999 633 2036 quae
649 1985 734 2023 olim
751 1982 912 2035 Cephalo
932 1983 1134 2037 caeterisque
1155 1986 1317 2023 eamdem
1338 1983 1463 2023 sectam
1476 1981 1624 2036 sequen·

309 2040 402 2076 tibus
421 2052 502 2076 cum
523 2040 662 2089 regibus
683 2039 929 2077 Macedonum
949 2038 1075 2079 fuerat.
1132 2038 1211 2088 Jam
1233 2037 1320 2078 vero
1337 2038 1460 2078 omnia
1478 2037 1623 2080 illorum

307 2094 402 2131 dieta
417 2093 579 2144 factaque
598 2092 753 2143 maligne
773 2091 979 2142 explorans,
1006 2098 1039 2133 &
1066 2093 1100 2130 in
1121 2095 1218 2145 pejus
1233 2092 1369 2145 semper
1386 2095 1623 2144 detorquens,

306 2147 567 2199 veritatemque
606 2147 750 2198 adjeetis
787 2145 1038 2198 detractisque,
1077 2162 1154 2199 quae
1193 2148 1367 2198 voluerat,
1399 2148 1618 2192 adulterans,

306 2200 419 2240 fidem
447 2202 654 2240 criminibus
687 2201 851 2239 faciebat.
910 2201 1036 2253 Neque
1071 2203 1124 2240 his
1156 2213 1273 2241 tamen
1303 2201 1620 2241 commovebantur

305 2255 486 2307 Cephalus
500 2260 532 2295 &
546 2256 586 2300 ii.
603 2256 663 2308 qui
683 2255 890 2297 eorumdem
911 2255 945 2291 in
962 2255 1141 2306 republica
1159 2255 1386 2303 consiliorum
1405 2255 1488 2301 socii
1502 2265 1619 2303 erant,

304 2309 387 2349 freti
406 2309 548 2361 egregia
573 2309 790 2349 conscientia
821 2309 970 2348 illibatae
1000 2323 1084 2357 erga
1106 2310 1292 2354 Romanos
1320 2310 1416 2350 fidei.
1476 2309 1617 2348 Verum

305 2365 365 2402 ubi
395 2365 466 2403 illis
494 2365 800 2403 criminationibus
829 2373 951 2401 aurem
970 2368 1127 2414 praebere
1156 2364 1339 2403 Romanos
1368 2362 1560 2415 senserunt.
1578 2367 1616 2403 δι’,

302 2419 482 2470 principes
502 2417 674 2472 quosdam
694 2418 912 2463 AEmlmum,
927 2431 1017 2469 quos
1038 2420 1168 2470 pariter
1181 2417 1356 2469 suspectos
1375 2418 1534 2458 fecerant.
1548 2419 1615 2463 ob-

302 2476 534 2512 treetatomm
557 2472 763 2518 calumniae,
786 2472 940 2510 Romam
966 2472 1151 2519 abductos,
1179 2484 1254 2511 tum
1273 2474 1418 2520 demum
1438 2487 1526 2525 opus
1545 2469 1615 2510 effe

302 2527 549 2573 crediderunt,
578 2537 617 2566 ut
632 2526 692 2565 fibi
710 2524 773 2578 ipfi
787 2523 923 2575 suisque
942 2528 1045 2566 rebus
1059 2527 1295 2566 consulerent.
1353 2526 1478 2580 Quum
1491 2537 1612 2574 autem

82 2599 122 2630 U,
136 2608 162 2630 e,
180 2597 262 2639 53„⁸
302 2579 392 2617 nihil
411 2579 628 2620 succurerret
648 2591 775 2634 praeter
789 2579 921 2629 regiam
934 2582 1142 2626 amicitiam,
1158 2595 1240 2626 cum
1257 2579 1386 2620 Perseo
1403 2579 1611 2620 societatem

78 2654 109 2674 a.
122 2645 160 2676 C.
178 2653 251 2680 170.
303 2633 392 2671 inire
404 2636 517 2675 coacti
538 2633 630 2684 sunt,
650 2637 757 2687 eique
782 2646 924 2687 gentem
942 2634 1038 2674 suam
1057 2638 1212 2676 tradere.
1273 2635 1402 2674 Romae
1421 2637 1465 2673 A.
1486 2633 1612 2673 Hosti-

76 2692 118 2719 A.
134 2688 286 2739 ΗᾳΓξῐΙίΘ,
302 2686 385 2731 lius,
406 2687 461 2729 A.
495 2688 636 2728 Atilius
655 2688 830 2730 consules.
853 2690 942 2728 inito
975 2689 1191 2741 magistratu,
1214 2692 1247 2727 δε
1268 2689 1432 2741 peraEtis,
1451 2701 1530 2738 quae
1553 2688 1611 2732 di÷

77 2735 122 2765 A·
135 2734 239 2766 At¹¹¹⁰
301 2741 384 2780 vina
397 2742 620 2795 humanaque
639 2745 675 2782 in
695 2745 781 2783 urbe
798 2748 834 2783 &
853 2745 948 2783 circa
967 2746 1090 2783 urbem
1104 2744 1181 2783 fieri
1195 2759 1216 2784 a
1234 2741 1434 2783 consulibus
1451 2756 1529 2781 mos
1544 2741 1623 2794 est,-

75 2778 159 2811 Coff.
300 2794 335 2833 in
357 2795 556 2848 provincias
575 2797 727 2850 profesti
745 2796 835 2842 sunt.
895 2798 1090 2845 Hostilius,
1111 2801 1168 2840 cui
1183 2796 1402 2846 Macedonia
1415 2798 1614 2852 obtigerat.)

1490 2861 1607 2902 quum
