<?xml version="1.0" encoding="UTF-8"?>
<!DOCTYPE html PUBLIC "-//W3C//DTD XHTML 1.0 Transitional//EN"
    "http://www.w3.org/TR/xhtml1/DTD/xhtml1-transitional.dtd">
<html xmlns="http://www.w3.org/1999/xhtml" xml:lang="en" lang="en">
 <head>
  <title>
</title>
<meta http-equiv="Content-Type" content="text/html;charset=utf-8" />
  <meta name='ocr-system' content='tesseract 3.04.00' />
  <meta name='ocr-capabilities' content='ocr_page ocr_carea ocr_par ocr_line ocrx_word'/>
</head>
<body>
  <div class='ocr_page' id='page_1' title='image "./historiaeromanae04livyuoft_0106.png"; bbox 0 0 1804 3121; ppageno 0'>
   <div class='ocr_carea' id='block_1_1' title="bbox 141 235 199 287">
    <p class='ocr_par' dir='ltr' id='par_1_1' title="bbox 141 235 199 287">
     <span class='ocr_line' id='line_1_1' title="bbox 141 235 199 287; baseline 0 -13"><span class='ocrx_word' id='word_1_1' title='bbox 141 235 199 287; x_wconf 85' lang='lat'>96</span> 
     </span>
    </p>
   </div>
   <div class='ocr_carea' id='block_1_2' title="bbox 142 349 342 383">
    <p class='ocr_par' dir='ltr' id='par_1_2' title="bbox 142 349 342 383">
     <span class='ocr_line' id='line_1_2' title="bbox 142 349 342 383; baseline 0.005 -1"><span class='ocrx_word' id='word_1_2' title='bbox 142 353 324 383; x_wconf 66' lang='lat' dir='ltr'>MacedonJae</span> <span class='ocrx_word' id='word_1_3' title='bbox 338 349 342 361; x_wconf 53' lang='lat'>¹</span> 
     </span>
    </p>
   </div>
   <div class='ocr_carea' id='block_1_3' title="bbox 143 401 332 521">
    <p class='ocr_par' dir='ltr' id='par_1_3' title="bbox 143 401 332 521">
     <span class='ocr_line' id='line_1_3' title="bbox 143 401 332 440; baseline -0.005 -11"><span class='ocrx_word' id='word_1_4' title='bbox 143 401 274 430; x_wconf 63' lang='lat' dir='ltr'>afvitates</span> <span class='ocrx_word' id='word_1_5' title='bbox 282 405 332 440; x_wconf 83' lang='lat' dir='ltr'>pe-</span> 
     </span>
     <span class='ocr_line' id='line_1_4' title="bbox 143 446 311 485; baseline -0.006 -11"><span class='ocrx_word' id='word_1_6' title='bbox 143 446 255 474; x_wconf 72' lang='lat' dir='ltr'>cuniam</span> <span class='ocrx_word' id='word_1_7' title='bbox 268 446 311 485; x_wconf 67' lang='lat' dir='ltr'>&#39;if‘</span> 
     </span>
     <span class='ocr_line' id='line_1_5' title="bbox 144 491 255 521; baseline 0 0"><span class='ocrx_word' id='word_1_8' title='bbox 144 491 255 521; x_wconf 57' lang='lat' dir='ltr'>strunt.</span> 
     </span>
    </p>
   </div>
   <div class='ocr_carea' id='block_1_4' title="bbox 146 884 328 928">
    <p class='ocr_par' dir='ltr' id='par_1_4' title="bbox 146 884 328 928">
     <span class='ocr_line' id='line_1_6' title="bbox 146 884 328 928; baseline -0.011 -10"><span class='ocrx_word' id='word_1_9' title='bbox 146 884 328 928; x_wconf 51' lang='lat' dir='ltr'>hanff</span> 
     </span>
    </p>
   </div>
   <div class='ocr_carea' id='block_1_5' title="bbox 135 932 260 972">
    <p class='ocr_par' dir='ltr' id='par_1_5' title="bbox 135 932 260 972">
     <span class='ocr_line' id='line_1_7' title="bbox 135 932 260 972; baseline 0.008 -11"><span class='ocrx_word' id='word_1_10' title='bbox 135 932 260 972; x_wconf 73' lang='lat' dir='ltr'>saliam.</span> 
     </span>
    </p>
   </div>
   <div class='ocr_carea' id='block_1_6' title="bbox 842 231 1141 276">
    <p class='ocr_par' dir='ltr' id='par_1_6' title="bbox 842 231 1141 276">
     <span class='ocr_line' id='line_1_8' title="bbox 842 231 1141 276; baseline -0.01 0"><span class='ocrx_word' id='word_1_11' title='bbox 842 233 894 276; x_wconf 91' lang='lat' dir='ltr'>T.</span> <span class='ocrx_word' id='word_1_12' title='bbox 941 231 1141 275; x_wconf 92' lang='lat' dir='ltr'>LIVII</span> 
     </span>
    </p>
   </div>
   <div class='ocr_carea' id='block_1_7' title="bbox 365 347 1731 1927">
    <p class='ocr_par' dir='ltr' id='par_1_7' title="bbox 365 347 1701 1576">
     <span class='ocr_line' id='line_1_9' title="bbox 367 347 1685 407; baseline -0.002 -15"><span class='ocrx_word' id='word_1_13' title='bbox 367 351 416 393; x_wconf 79' lang='lat' dir='ltr'>ad</span> <span class='ocrx_word' id='word_1_14' title='bbox 439 351 659 393; x_wconf 80' lang='lat' dir='ltr'>audiendas</span> <span class='ocrx_word' id='word_1_15' title='bbox 675 351 897 407; x_wconf 77' lang='lat' dir='ltr'>legationes</span> <span class='ocrx_word' id='word_1_16' title='bbox 919 351 1141 393; x_wconf 87' lang='lat' dir='ltr'>civitatium</span> <span class='ocrx_word' id='word_1_17' title='bbox 1161 350 1418 393; x_wconf 69' lang='lat' dir='ltr'>Macedoniae</span> <span class='ocrx_word' id='word_1_18' title='bbox 1438 350 1475 391; x_wconf 89' lang='lat' dir='ltr'>se</span> <span class='ocrx_word' id='word_1_19' title='bbox 1496 347 1685 391; x_wconf 84' lang='lat' dir='ltr'>contulit.</span> 
     </span>
     <span class='ocr_line' id='line_1_10' title="bbox 365 408 1690 465; baseline -0.002 -14"><span class='ocrx_word' id='word_1_20' title='bbox 365 420 559 452; x_wconf 88' lang='lat' dir='ltr'>venerant</span> <span class='ocrx_word' id='word_1_21' title='bbox 576 421 712 452; x_wconf 86' lang='lat' dir='ltr'>autem</span> <span class='ocrx_word' id='word_1_22' title='bbox 730 411 780 451; x_wconf 85' lang='lat' dir='ltr'>ad</span> <span class='ocrx_word' id='word_1_23' title='bbox 795 410 1004 464; x_wconf 81' lang='lat' dir='ltr'>pecunias,</span> <span class='ocrx_word' id='word_1_24' title='bbox 1025 424 1099 465; x_wconf 93' lang='lat' dir='ltr'>pro</span> <span class='ocrx_word' id='word_1_25' title='bbox 1121 409 1382 450; x_wconf 81' lang='lat' dir='ltr'>facultatibus</span> <span class='ocrx_word' id='word_1_26' title='bbox 1400 423 1575 464; x_wconf 76' lang='lat' dir='ltr'>quaeque</span> <span class='ocrx_word' id='word_1_27' title='bbox 1595 408 1690 456; x_wconf 85' lang='lat' dir='ltr'>suis,</span> 
     </span>
     <span class='ocr_line' id='line_1_11' title="bbox 370 466 1690 524; baseline -0.003 -13"><span class='ocrx_word' id='word_1_28' title='bbox 370 473 409 511; x_wconf 63' lang='grc' dir='ltr'>δὲ·</span> <span class='ocrx_word' id='word_1_29' title='bbox 432 468 688 510; x_wconf 85' lang='lat' dir='ltr'>frumentum</span> <span class='ocrx_word' id='word_1_30' title='bbox 711 469 987 524; x_wconf 88' lang='lat' dir='ltr'>pollicendum</span> <span class='ocrx_word' id='word_1_31' title='bbox 1010 470 1060 508; x_wconf 82' lang='lat' dir='ltr'>ad</span> <span class='ocrx_word' id='word_1_32' title='bbox 1092 468 1260 508; x_wconf 87' lang='lat' dir='ltr'>bellum.</span> <span class='ocrx_word' id='word_1_33' title='bbox 1321 468 1529 509; x_wconf 79' lang='lat' dir='ltr'><strong>Omnibus</strong></span> <span class='ocrx_word' id='word_1_34' title='bbox 1549 466 1690 522; x_wconf 75' lang='lat' dir='ltr'>gratiae</span> 
     </span>
     <span class='ocr_line' id='line_1_12' title="bbox 366 527 1689 583; baseline -0.003 -14"><span class='ocrx_word' id='word_1_35' title='bbox 366 527 485 577; x_wconf 58' lang='lat' dir='ltr'>austae,</span> <span class='ocrx_word' id='word_1_36' title='bbox 506 532 522 583; x_wconf 59' lang='grc' dir='ltr'>ᾗ</span> <span class='ocrx_word' id='word_1_37' title='bbox 542 528 744 568; x_wconf 82' lang='lat' dir='ltr'>remiffum</span> <span class='ocrx_word' id='word_1_38' title='bbox 765 528 980 577; x_wconf 77' lang='lat' dir='ltr'>omnibu83</span> <span class='ocrx_word' id='word_1_39' title='bbox 1026 527 1118 567; x_wconf 84' lang='lat' dir='ltr'>satis</span> <span class='ocrx_word' id='word_1_40' title='bbox 1158 527 1292 580; x_wconf 75' lang='lat' dir='ltr'>regios</span> <span class='ocrx_word' id='word_1_41' title='bbox 1327 536 1541 582; x_wconf 82' lang='lat' dir='ltr'>apparatus</span> <span class='ocrx_word' id='word_1_42' title='bbox 1573 527 1621 566; x_wconf 85' lang='lat' dir='ltr'>ad</span> <span class='ocrx_word' id='word_1_43' title='bbox 1642 539 1689 566; x_wconf 84' lang='lat' dir='ltr'>ea</span> 
     </span>
     <span class='ocr_line' id='line_1_13' title="bbox 366 583 1690 640; baseline -0.002 -13"><span class='ocrx_word' id='word_1_44' title='bbox 366 586 526 628; x_wconf 65' lang='lat' dir='ltr'>distum</span> <span class='ocrx_word' id='word_1_45' title='bbox 543 587 742 627; x_wconf 85' lang='lat' dir='ltr'>sufficere:</span> <span class='ocrx_word' id='word_1_46' title='bbox 763 587 949 627; x_wconf 89' lang='lat' dir='ltr'>vehicula</span> <span class='ocrx_word' id='word_1_47' title='bbox 966 583 1127 626; x_wconf 73' lang='lat' dir='ltr'>tantum</span> <span class='ocrx_word' id='word_1_48' title='bbox 1150 586 1362 640; x_wconf 87' lang='lat' dir='ltr'>imperata,</span> <span class='ocrx_word' id='word_1_49' title='bbox 1381 589 1458 638; x_wconf 76' lang='lat' dir='ltr'>utss</span> <span class='ocrx_word' id='word_1_50' title='bbox 1473 594 1690 631; x_wconf 61' lang='lat' dir='ltr'>tormenta,</span> 
     </span>
     <span class='ocr_line' id='line_1_14' title="bbox 366 642 1693 700; baseline -0.004 -14"><span class='ocrx_word' id='word_1_51' title='bbox 366 647 623 700; x_wconf 84' lang='lat' dir='ltr'>telorumque</span> <span class='ocrx_word' id='word_1_52' title='bbox 658 645 861 685; x_wconf 82' lang='lat' dir='ltr'>miffilium</span> <span class='ocrx_word' id='word_1_53' title='bbox 894 645 1141 700; x_wconf 83' lang='lat' dir='ltr'>ingentem‡</span> <span class='ocrx_word' id='word_1_54' title='bbox 1163 644 1244 684; x_wconf 87' lang='lat' dir='ltr'>vim</span> <span class='ocrx_word' id='word_1_55' title='bbox 1268 655 1548 698; x_wconf 62' lang='lat' dir='ltr'>praeparatam„</span> <span class='ocrx_word' id='word_1_56' title='bbox 1578 642 1693 683; x_wconf 84' lang='lat' dir='ltr'>belli-</span> 
     </span>
     <span class='ocr_line' id='line_1_15' title="bbox 367 701 1692 759; baseline -0.004 -14"><span class='ocrx_word' id='word_1_57' title='bbox 367 718 546 759; x_wconf 86' lang='lat' dir='ltr'>cumque</span> <span class='ocrx_word' id='word_1_58' title='bbox 579 705 688 744; x_wconf 87' lang='lat' dir='ltr'>aliud</span> <span class='ocrx_word' id='word_1_59' title='bbox 720 704 1035 744; x_wconf 85' lang='lat' dir='ltr'>instrumentum</span> <span class='ocrx_word' id='word_1_60' title='bbox 1067 701 1274 743; x_wconf 82' lang='lat' dir='ltr'>veherent.</span> <span class='ocrx_word' id='word_1_61' title='bbox 1340 702 1555 742; x_wconf 57' lang='lat' dir='ltr'>{rofeeius</span> <span class='ocrx_word' id='word_1_62' title='bbox 1598 701 1692 741; x_wconf 85' lang='lat' dir='ltr'>inde</span> 
     </span>
     <span class='ocr_line' id='line_1_16' title="bbox 367 761 1692 816; baseline -0.003 -13"><span class='ocrx_word' id='word_1_63' title='bbox 367 771 456 803; x_wconf 89' lang='lat' dir='ltr'>toto</span> <span class='ocrx_word' id='word_1_64' title='bbox 483 763 681 811; x_wconf 79' lang='lat' dir='ltr'>exercitu,</span> <span class='ocrx_word' id='word_1_65' title='bbox 732 762 944 803; x_wconf 64' lang='lat' dir='ltr'>Eordaeam</span> <span class='ocrx_word' id='word_1_66' title='bbox 984 772 1139 816; x_wconf 86' lang='lat' dir='ltr'>petens,</span> <span class='ocrx_word' id='word_1_67' title='bbox 1175 762 1224 801; x_wconf 91' lang='lat' dir='ltr'>ad</span> <span class='ocrx_word' id='word_1_68' title='bbox 1266 761 1536 816; x_wconf 74' lang='lat' dir='ltr'>Begorritem,</span> <span class='ocrx_word' id='word_1_69' title='bbox 1569 773 1692 814; x_wconf 84' lang='lat' dir='ltr'>quem</span> 
     </span>
     <span class='ocr_line' id='line_1_17' title="bbox 367 819 1694 875; baseline -0.004 -13"><span class='ocrx_word' id='word_1_70' title='bbox 367 831 534 871; x_wconf 86' lang='lat' dir='ltr'>vocant,</span> <span class='ocrx_word' id='word_1_71' title='bbox 562 822 696 861; x_wconf 79' lang='lat' dir='ltr'>lacum</span> <span class='ocrx_word' id='word_1_72' title='bbox 719 821 854 875; x_wconf 72' lang='lat' dir='ltr'>posuis</span> <span class='ocrx_word' id='word_1_73' title='bbox 886 820 1037 869; x_wconf 75' lang='lat' dir='ltr'>castris,</span> <span class='ocrx_word' id='word_1_74' title='bbox 1061 820 1219 874; x_wconf 78' lang='lat' dir='ltr'>postero</span> <span class='ocrx_word' id='word_1_75' title='bbox 1247 820 1311 859; x_wconf 78' lang='lat' dir='ltr'>die</span> <span class='ocrx_word' id='word_1_76' title='bbox 1345 819 1386 859; x_wconf 88' lang='lat' dir='ltr'>in</span> <span class='ocrx_word' id='word_1_77' title='bbox 1421 819 1619 859; x_wconf 79' lang='lat' dir='ltr'>Elimeam</span> <span class='ocrx_word' id='word_1_78' title='bbox 1643 819 1694 857; x_wconf 84' lang='lat' dir='ltr'>ad</span> 
     </span>
     <span class='ocr_line' id='line_1_18' title="bbox 367 876 1692 934; baseline -0.002 -14"><span class='ocrx_word' id='word_1_79' title='bbox 367 879 641 921; x_wconf 77' lang='lat' dir='ltr'>Haliacmona</span> <span class='ocrx_word' id='word_1_80' title='bbox 674 882 735 934; x_wconf 85' lang='lat'>(1)</span> <span class='ocrx_word' id='word_1_81' title='bbox 758 879 928 919; x_wconf 87' lang='lat' dir='ltr'>fluvium</span> <span class='ocrx_word' id='word_1_82' title='bbox 951 878 1149 933; x_wconf 87' lang='lat' dir='ltr'>processit.</span> <span class='ocrx_word' id='word_1_83' title='bbox 1212 878 1375 918; x_wconf 80' lang='lat' dir='ltr'>Deinde</span> <span class='ocrx_word' id='word_1_84' title='bbox 1400 877 1501 918; x_wconf 88' lang='lat' dir='ltr'>saltu</span> <span class='ocrx_word' id='word_1_85' title='bbox 1523 876 1692 932; x_wconf 85' lang='lat' dir='ltr'>angusto</span> 
     </span>
     <span class='ocr_line' id='line_1_19' title="bbox 369 934 1696 993; baseline -0.003 -14"><span class='ocrx_word' id='word_1_86' title='bbox 369 938 565 993; x_wconf 84' lang='lat' dir='ltr'>superatis</span> <span class='ocrx_word' id='word_1_87' title='bbox 606 938 830 987; x_wconf 84' lang='lat' dir='ltr'>montibus,</span> <span class='ocrx_word' id='word_1_88' title='bbox 872 952 975 992; x_wconf 84' lang='lat' dir='ltr'>quos</span> <span class='ocrx_word' id='word_1_89' title='bbox 1021 936 1275 978; x_wconf 77' lang='lat' dir='ltr'>Cambunios</span> <span class='ocrx_word' id='word_1_90' title='bbox 1317 947 1480 989; x_wconf 85' lang='lat' dir='ltr'>vocant,</span> <span class='ocrx_word' id='word_1_91' title='bbox 1531 934 1696 976; x_wconf 82' lang='lat' dir='ltr'>descen-</span> 
     </span>
     <span class='ocr_line' id='line_1_20' title="bbox 377 993 1697 1051; baseline -0.002 -15"><span class='ocrx_word' id='word_1_92' title='bbox 377 997 436 1037; x_wconf 83' lang='lat' dir='ltr'>dit</span> <span class='ocrx_word' id='word_1_93' title='bbox 458 999 518 1051; x_wconf 88' lang='lat'>(2)</span> <span class='ocrx_word' id='word_1_94' title='bbox 541 997 590 1036; x_wconf 85' lang='lat' dir='ltr'>ad</span> <span class='ocrx_word' id='word_1_95' title='bbox 615 996 832 1049; x_wconf 79' lang='lat' dir='ltr'>(Tripolim</span> <span class='ocrx_word' id='word_1_96' title='bbox 851 997 1015 1048; x_wconf 86' lang='lat' dir='ltr'>vocant)</span> <span class='ocrx_word' id='word_1_97' title='bbox 1043 998 1243 1044; x_wconf 83' lang='lat' dir='ltr'>Azorum,</span> <span class='ocrx_word' id='word_1_98' title='bbox 1274 995 1488 1051; x_wconf 86' lang='lat' dir='ltr'>Pythium,</span> <span class='ocrx_word' id='word_1_99' title='bbox 1516 996 1553 1034; x_wconf 59' lang='grc' dir='ltr'>ἃ</span> <span class='ocrx_word' id='word_1_100' title='bbox 1579 993 1697 1034; x_wconf 82' lang='lat' dir='ltr'>Doli-</span> 
     </span>
     <span class='ocr_line' id='line_1_21' title="bbox 369 1052 1698 1108; baseline -0.004 -12"><span class='ocrx_word' id='word_1_101' title='bbox 369 1055 475 1096; x_wconf 88' lang='lat' dir='ltr'>chen</span> <span class='ocrx_word' id='word_1_102' title='bbox 510 1055 747 1095; x_wconf 85' lang='lat' dir='ltr'>incolentes.</span> <span class='ocrx_word' id='word_1_103' title='bbox 824 1054 930 1095; x_wconf 82' lang='lat' dir='ltr'>Haec</span> <span class='ocrx_word' id='word_1_104' title='bbox 960 1055 1033 1094; x_wconf 85' lang='lat' dir='ltr'>tria</span> <span class='ocrx_word' id='word_1_105' title='bbox 1059 1053 1208 1107; x_wconf 84' lang='lat' dir='ltr'>oppida</span> <span class='ocrx_word' id='word_1_106' title='bbox 1240 1054 1455 1108; x_wconf 70' lang='lat' dir='ltr'>paullisper</span> <span class='ocrx_word' id='word_1_107' title='bbox 1489 1052 1698 1100; x_wconf 61' lang='lat' dir='ltr'>cunctata,</span> 
     </span>
     <span class='ocr_line' id='line_1_22' title="bbox 369 1112 1700 1168; baseline -0.002 -15"><span class='ocrx_word' id='word_1_108' title='bbox 369 1113 464 1168; x_wconf 86' lang='lat' dir='ltr'>quia</span> <span class='ocrx_word' id='word_1_109' title='bbox 478 1112 634 1153; x_wconf 84' lang='lat' dir='ltr'>obfides</span> <span class='ocrx_word' id='word_1_110' title='bbox 650 1112 846 1155; x_wconf 76' lang='lat' dir='ltr'>Larifl&#39;aeis</span> <span class='ocrx_word' id='word_1_111' title='bbox 861 1114 1071 1162; x_wconf 78' lang='lat' dir='ltr'>dederant,</span> <span class='ocrx_word' id='word_1_112' title='bbox 1088 1112 1194 1152; x_wconf 50' lang='lat' dir='ltr'>vicia</span> <span class='ocrx_word' id='word_1_113' title='bbox 1212 1123 1346 1152; x_wconf 84' lang='lat' dir='ltr'>tamen</span> <span class='ocrx_word' id='word_1_114' title='bbox 1362 1112 1548 1166; x_wconf 84' lang='lat' dir='ltr'>praesenti</span> <span class='ocrx_word' id='word_1_115' title='bbox 1568 1123 1700 1158; x_wconf 87' lang='lat' dir='ltr'>metu,</span> 
     </span>
     <span class='ocr_line' id='line_1_23' title="bbox 369 1169 1697 1226; baseline -0.003 -14"><span class='ocrx_word' id='word_1_116' title='bbox 369 1173 413 1212; x_wconf 83' lang='lat' dir='ltr'>in</span> <span class='ocrx_word' id='word_1_117' title='bbox 454 1171 706 1213; x_wconf 90' lang='lat' dir='ltr'>deditionem</span> <span class='ocrx_word' id='word_1_118' title='bbox 740 1175 770 1220; x_wconf 65' lang='grc' dir='ltr'>ἹῙ</span> <span class='ocrx_word' id='word_1_119' title='bbox 792 1172 1084 1213; x_wconf 73' lang='lat' dir='ltr'>concesserunt.</span> <span class='ocrx_word' id='word_1_120' title='bbox 1162 1170 1346 1226; x_wconf 67' lang='lat' dir='ltr'>Benigne</span> <span class='ocrx_word' id='word_1_121' title='bbox 1381 1171 1444 1211; x_wconf 83' lang='lat' dir='ltr'>his</span> <span class='ocrx_word' id='word_1_122' title='bbox 1475 1169 1697 1224; x_wconf 80' lang='lat' dir='ltr'>appellatis,</span> 
     </span>
     <span class='ocr_line' id='line_1_24' title="bbox 370 1228 1701 1282; baseline -0.004 -10"><span class='ocrx_word' id='word_1_123' title='bbox 370 1231 481 1272; x_wconf 86' lang='lat' dir='ltr'>haud</span> <span class='ocrx_word' id='word_1_124' title='bbox 531 1229 680 1271; x_wconf 82' lang='lat' dir='ltr'>dubius</span> <span class='ocrx_word' id='word_1_125' title='bbox 726 1230 966 1271; x_wconf 76' lang='lat' dir='ltr'>Perrhaebos</span> <span class='ocrx_word' id='word_1_126' title='bbox 1010 1232 1175 1282; x_wconf 73' lang='lat' dir='ltr'>queque</span> <span class='ocrx_word' id='word_1_127' title='bbox 1222 1230 1329 1269; x_wconf 80' lang='lat' dir='ltr'>idem</span> <span class='ocrx_word' id='word_1_128' title='bbox 1382 1228 1581 1277; x_wconf 58' lang='lat' dir='ltr'>facimus,</span> <span class='ocrx_word' id='word_1_129' title='bbox 1632 1241 1701 1267; x_wconf 58' lang='lat' dir='ltr'>ura</span> 
     </span>
     <span class='ocr_line' id='line_1_25' title="bbox 369 1287 1700 1344; baseline -0.003 -14"><span class='ocrx_word' id='word_1_130' title='bbox 369 1291 464 1331; x_wconf 85' lang='lat' dir='ltr'>bem</span> <span class='ocrx_word' id='word_1_131' title='bbox 481 1291 558 1344; x_wconf 85' lang='lat'>(3),</span> <span class='ocrx_word' id='word_1_132' title='bbox 575 1288 676 1328; x_wconf 87' lang='lat' dir='ltr'>nihil</span> <span class='ocrx_word' id='word_1_133' title='bbox 694 1289 910 1338; x_wconf 64' lang='lat' dir='ltr'>cunctatis,</span> <span class='ocrx_word' id='word_1_134' title='bbox 928 1288 998 1342; x_wconf 89' lang='lat' dir='ltr'>qui</span> <span class='ocrx_word' id='word_1_135' title='bbox 1020 1287 1266 1337; x_wconf 79' lang='lat' dir='ltr'>incolebant,</span> <span class='ocrx_word' id='word_1_136' title='bbox 1295 1288 1427 1341; x_wconf 87' lang='lat' dir='ltr'>primo</span> <span class='ocrx_word' id='word_1_137' title='bbox 1442 1289 1619 1327; x_wconf 83' lang='lat' dir='ltr'>adventu</span> <span class='ocrx_word' id='word_1_138' title='bbox 1636 1300 1700 1326; x_wconf 88' lang='lat' dir='ltr'>re-</span> 
     </span>
     <span class='ocr_line' id='line_1_26' title="bbox 373 1344 1699 1403; baseline -0.004 -13"><span class='ocrx_word' id='word_1_139' title='bbox 373 1348 486 1403; x_wconf 84' lang='lat' dir='ltr'>cipit.</span> <span class='ocrx_word' id='word_1_140' title='bbox 521 1347 705 1402; x_wconf 84' lang='lat' dir='ltr'>Cyretias</span> <span class='ocrx_word' id='word_1_141' title='bbox 741 1350 804 1402; x_wconf 85' lang='lat'>(4)</span> <span class='ocrx_word' id='word_1_142' title='bbox 831 1358 1068 1402; x_wconf 85' lang='lat' dir='ltr'>oppugnare</span> <span class='ocrx_word' id='word_1_143' title='bbox 1100 1346 1284 1394; x_wconf 63' lang='lat' dir='ltr'>coaetus,</span> <span class='ocrx_word' id='word_1_144' title='bbox 1307 1346 1440 1400; x_wconf 88' lang='lat' dir='ltr'>primo</span> <span class='ocrx_word' id='word_1_145' title='bbox 1475 1345 1598 1385; x_wconf 83' lang='lat' dir='ltr'>etiam</span> <span class='ocrx_word' id='word_1_146' title='bbox 1634 1344 1699 1385; x_wconf 90' lang='lat' dir='ltr'>die</span> 
     </span>
     <span class='ocr_line' id='line_1_27' title="bbox 373 1403 1700 1460; baseline -0.004 -12"><span class='ocrx_word' id='word_1_147' title='bbox 373 1407 457 1448; x_wconf 85' lang='lat' dir='ltr'>acri</span> <span class='ocrx_word' id='word_1_148' title='bbox 478 1405 677 1447; x_wconf 87' lang='lat' dir='ltr'>concursu</span> <span class='ocrx_word' id='word_1_149' title='bbox 698 1406 748 1445; x_wconf 89' lang='lat' dir='ltr'>ad</span> <span class='ocrx_word' id='word_1_150' title='bbox 771 1416 907 1460; x_wconf 85' lang='lat' dir='ltr'>portas</span> <span class='ocrx_word' id='word_1_151' title='bbox 929 1413 1177 1444; x_wconf 80' lang='lat' dir='ltr'>armatorum</span> <span class='ocrx_word' id='word_1_152' title='bbox 1209 1405 1266 1444; x_wconf 87' lang='lat' dir='ltr'>est</span> <span class='ocrx_word' id='word_1_153' title='bbox 1298 1403 1509 1459; x_wconf 85' lang='lat' dir='ltr'>repulsus:</span> <span class='ocrx_word' id='word_1_154' title='bbox 1540 1403 1700 1459; x_wconf 86' lang='lat' dir='ltr'>postero</span> 
     </span>
     <span class='ocr_line' id='line_1_28' title="bbox 374 1462 1696 1518; baseline -0.003 -12"><span class='ocrx_word' id='word_1_155' title='bbox 374 1465 440 1506; x_wconf 90' lang='lat' dir='ltr'>die</span> <span class='ocrx_word' id='word_1_156' title='bbox 455 1463 646 1505; x_wconf 87' lang='lat' dir='ltr'>omnibus</span> <span class='ocrx_word' id='word_1_157' title='bbox 667 1464 797 1518; x_wconf 86' lang='lat' dir='ltr'>copiis</span> <span class='ocrx_word' id='word_1_158' title='bbox 816 1464 1000 1514; x_wconf 83' lang='lat' dir='ltr'>adortus,</span> <span class='ocrx_word' id='word_1_159' title='bbox 1018 1462 1060 1501; x_wconf 85' lang='lat' dir='ltr'>in</span> <span class='ocrx_word' id='word_1_160' title='bbox 1081 1463 1333 1504; x_wconf 86' lang='lat' dir='ltr'>deditionem</span> <span class='ocrx_word' id='word_1_161' title='bbox 1356 1477 1498 1503; x_wconf 87' lang='lat' dir='ltr'>omnes</span> <span class='ocrx_word' id='word_1_162' title='bbox 1518 1465 1582 1517; x_wconf 84' lang='lat'>(5)</span> <span class='ocrx_word' id='word_1_163' title='bbox 1603 1472 1696 1502; x_wconf 90' lang='lat' dir='ltr'>ante</span> 
     </span>
     <span class='ocr_line' id='line_1_29' title="bbox 375 1521 730 1576; baseline -0.008 -12"><span class='ocrx_word' id='word_1_164' title='bbox 375 1523 545 1566; x_wconf 59' lang='lat' dir='ltr'>noctem</span> <span class='ocrx_word' id='word_1_165' title='bbox 561 1521 730 1576; x_wconf 83' lang='lat' dir='ltr'>accepit.</span> 
     </span>
    </p>

    <p class='ocr_par' dir='ltr' id='par_1_8' title="bbox 376 1578 1731 1927">
     <span class='ocr_line' id='line_1_30' title="bbox 433 1578 1702 1635; baseline -0.002 -12"><span class='ocrx_word' id='word_1_166' title='bbox 433 1581 549 1624; x_wconf 76' lang='lat' dir='ltr'>LIV.</span> <span class='ocrx_word' id='word_1_167' title='bbox 622 1580 768 1635; x_wconf 86' lang='lat' dir='ltr'>Mylae,</span> <span class='ocrx_word' id='word_1_168' title='bbox 819 1578 1055 1633; x_wconf 77' lang='lat' dir='ltr'>proximum</span> <span class='ocrx_word' id='word_1_169' title='bbox 1105 1578 1319 1634; x_wconf 85' lang='lat' dir='ltr'>oppidum,</span> <span class='ocrx_word' id='word_1_170' title='bbox 1371 1580 1425 1620; x_wconf 88' lang='lat' dir='ltr'>ita</span> <span class='ocrx_word' id='word_1_171' title='bbox 1476 1579 1702 1631; x_wconf 84' lang='lat' dir='ltr'>munitum,</span> 
     </span>
     <span class='ocr_line' id='line_1_31' title="bbox 376 1636 1703 1696; baseline -0.002 -15"><span class='ocrx_word' id='word_1_172' title='bbox 376 1650 423 1682; x_wconf 81' lang='lat' dir='ltr'>ut</span> <span class='ocrx_word' id='word_1_173' title='bbox 453 1642 514 1696; x_wconf 86' lang='lat'>(1)</span> <span class='ocrx_word' id='word_1_174' title='bbox 537 1636 868 1693; x_wconf 87' lang='lat' dir='ltr'>inexsuperabilis</span> <span class='ocrx_word' id='word_1_175' title='bbox 900 1639 1147 1678; x_wconf 87' lang='lat' dir='ltr'>munimenti</span> <span class='ocrx_word' id='word_1_176' title='bbox 1184 1637 1271 1692; x_wconf 81' lang='lat' dir='ltr'>spes</span> <span class='ocrx_word' id='word_1_177' title='bbox 1308 1639 1462 1679; x_wconf 86' lang='lat' dir='ltr'>incolas</span> <span class='ocrx_word' id='word_1_178' title='bbox 1482 1637 1703 1679; x_wconf 84' lang='lat' dir='ltr'>ferociores</span> 
     </span>
     <span class='ocr_line' id='line_1_32' title="bbox 377 1696 1703 1752; baseline -0.003 -11"><span class='ocrx_word' id='word_1_179' title='bbox 377 1700 542 1748; x_wconf 80' lang='lat' dir='ltr'>faceret,</span> <span class='ocrx_word' id='word_1_180' title='bbox 563 1711 646 1737; x_wconf 90' lang='lat' dir='ltr'>non</span> <span class='ocrx_word' id='word_1_181' title='bbox 668 1706 804 1751; x_wconf 86' lang='lat' dir='ltr'>portas</span> <span class='ocrx_word' id='word_1_182' title='bbox 826 1697 1013 1736; x_wconf 84' lang='lat' dir='ltr'>claudere</span> <span class='ocrx_word' id='word_1_183' title='bbox 1031 1696 1116 1752; x_wconf 88' lang='lat' dir='ltr'>regi</span> <span class='ocrx_word' id='word_1_184' title='bbox 1134 1696 1225 1736; x_wconf 76' lang='lat' dir='ltr'>satis</span> <span class='ocrx_word' id='word_1_185' title='bbox 1241 1696 1488 1745; x_wconf 85' lang='lat' dir='ltr'>habuerunt,</span> <span class='ocrx_word' id='word_1_186' title='bbox 1521 1697 1586 1737; x_wconf 90' lang='lat' dir='ltr'>sed</span> <span class='ocrx_word' id='word_1_187' title='bbox 1609 1711 1703 1751; x_wconf 83' lang='lat' dir='ltr'>pro—</span> 
     </span>
     <span class='ocr_line' id='line_1_33' title="bbox 377 1754 1704 1812; baseline -0.002 -13"><span class='ocrx_word' id='word_1_188' title='bbox 377 1758 460 1799; x_wconf 86' lang='lat' dir='ltr'>bris</span> <span class='ocrx_word' id='word_1_189' title='bbox 480 1769 643 1811; x_wconf 90' lang='lat' dir='ltr'>quoque</span> <span class='ocrx_word' id='word_1_190' title='bbox 666 1757 729 1810; x_wconf 87' lang='lat'>(2)</span> <span class='ocrx_word' id='word_1_191' title='bbox 760 1754 802 1795; x_wconf 89' lang='lat' dir='ltr'>in</span> <span class='ocrx_word' id='word_1_192' title='bbox 823 1754 954 1809; x_wconf 87' lang='lat' dir='ltr'>ipsum</span> <span class='ocrx_word' id='word_1_193' title='bbox 974 1755 1305 1809; x_wconf 85' lang='lat' dir='ltr'>Macedonasque</span> <span class='ocrx_word' id='word_1_194' title='bbox 1328 1754 1569 1809; x_wconf 82' lang='lat' dir='ltr'>procacibus</span> <span class='ocrx_word' id='word_1_195' title='bbox 1585 1755 1704 1812; x_wconf 86' lang='lat' dir='ltr'>jacu-</span> 
     </span>
     <span class='ocr_line' id='line_1_34' title="bbox 377 1812 1731 1868; baseline -0.001 -12"><span class='ocrx_word' id='word_1_196' title='bbox 377 1816 449 1856; x_wconf 86' lang='lat' dir='ltr'>lati</span> <span class='ocrx_word' id='word_1_197' title='bbox 470 1815 573 1855; x_wconf 89' lang='lat' dir='ltr'>sunt.</span> <span class='ocrx_word' id='word_1_198' title='bbox 597 1828 688 1867; x_wconf 89' lang='lat' dir='ltr'>quae</span> <span class='ocrx_word' id='word_1_199' title='bbox 717 1827 781 1854; x_wconf 87' lang='lat' dir='ltr'>res</span> <span class='ocrx_word' id='word_1_200' title='bbox 812 1827 942 1866; x_wconf 88' lang='lat' dir='ltr'>quum</span> <span class='ocrx_word' id='word_1_201' title='bbox 982 1812 1231 1854; x_wconf 83' lang='lat' dir='ltr'>infestiorem</span> <span class='ocrx_word' id='word_1_202' title='bbox 1272 1813 1430 1853; x_wconf 82' lang='lat' dir='ltr'>hostem</span> <span class='ocrx_word' id='word_1_203' title='bbox 1461 1815 1508 1854; x_wconf 86' lang='lat' dir='ltr'>ad</span> <span class='ocrx_word' id='word_1_204' title='bbox 1545 1828 1731 1868; x_wconf 83' lang='lat' dir='ltr'>oppug--</span> 
     </span>
     <span class='ocr_line' id='line_1_35' title="bbox 378 1871 1702 1927; baseline -0.003 -11"><span class='ocrx_word' id='word_1_205' title='bbox 378 1875 562 1916; x_wconf 86' lang='lat' dir='ltr'>nandum</span> <span class='ocrx_word' id='word_1_206' title='bbox 582 1871 751 1924; x_wconf 80' lang='lat' dir='ltr'>fecisset,</span> <span class='ocrx_word' id='word_1_207' title='bbox 771 1871 876 1927; x_wconf 84' lang='lat' dir='ltr'>ipsos</span> <span class='ocrx_word' id='word_1_208' title='bbox 897 1871 1174 1926; x_wconf 87' lang='lat' dir='ltr'>desperatione</span> <span class='ocrx_word' id='word_1_209' title='bbox 1195 1872 1323 1912; x_wconf 81' lang='lat' dir='ltr'>veniae</span> <span class='ocrx_word' id='word_1_210' title='bbox 1345 1873 1395 1912; x_wconf 89' lang='lat' dir='ltr'>ad</span> <span class='ocrx_word' id='word_1_211' title='bbox 1426 1873 1600 1912; x_wconf 87' lang='lat' dir='ltr'>tuendos</span> <span class='ocrx_word' id='word_1_212' title='bbox 1624 1872 1702 1912; x_wconf 86' lang='lat' dir='ltr'>sese</span> 
     </span>
    </p>
   </div>
   <div class='ocr_carea' id='block_1_8' title="bbox 1569 1928 1704 1971">
    <p class='ocr_par' dir='ltr' id='par_1_9' title="bbox 1569 1928 1704 1971">
     <span class='ocr_line' id='line_1_36' title="bbox 1569 1928 1704 1971; baseline 0 -1"><span class='ocrx_word' id='word_1_213' title='bbox 1569 1928 1704 1971; x_wconf 71' lang='lat' dir='ltr'>acrius</span> 
     </span>
    </p>
   </div>
   <div class='ocr_carea' id='block_1_9' title="bbox 369 2045 1712 2801">
    <p class='ocr_par' dir='ltr' id='par_1_10' title="bbox 369 2045 1709 2673">
     <span class='ocr_line' id='line_1_37' title="bbox 428 2045 1706 2092; baseline -0.002 -8"><span class='ocrx_word' id='word_1_214' title='bbox 428 2052 467 2084; x_wconf 88' lang='lat' dir='ltr'>C.</span> <span class='ocrx_word' id='word_1_215' title='bbox 490 2059 547 2091; x_wconf 80' lang='lat'>53.</span> <span class='ocrx_word' id='word_1_216' title='bbox 586 2049 644 2092; x_wconf 90' lang='lat'>(1)</span> <span class='ocrx_word' id='word_1_217' title='bbox 668 2049 828 2081; x_wconf 80' lang='lat' dir='ltr'>Observat</span> <span class='ocrx_word' id='word_1_218' title='bbox 862 2045 1036 2085; x_wconf 85' lang='lat' dir='ltr'>Cellarius,</span> <span class='ocrx_word' id='word_1_219' title='bbox 1058 2046 1151 2088; x_wconf 71' lang='lat' dir='ltr'>longe</span> <span class='ocrx_word' id='word_1_220' title='bbox 1178 2045 1255 2078; x_wconf 89' lang='lat' dir='ltr'>hinc</span> <span class='ocrx_word' id='word_1_221' title='bbox 1281 2045 1385 2077; x_wconf 79' lang='lat' dir='ltr'>abefl&#39;e</span> <span class='ocrx_word' id='word_1_222' title='bbox 1414 2045 1553 2079; x_wconf 87' lang='lat' dir='ltr'>ssuvium</span> <span class='ocrx_word' id='word_1_223' title='bbox 1571 2048 1706 2081; x_wconf 83' lang='lat' dir='ltr'>Haliac-</span> 
     </span>
     <span class='ocr_line' id='line_1_38' title="bbox 381 2092 1705 2136; baseline -0.002 -7"><span class='ocrx_word' id='word_1_224' title='bbox 381 2108 493 2135; x_wconf 76' lang='lat' dir='ltr'>mona,</span> <span class='ocrx_word' id='word_1_225' title='bbox 528 2095 669 2127; x_wconf 85' lang='lat' dir='ltr'>mediam</span> <span class='ocrx_word' id='word_1_226' title='bbox 710 2093 942 2126; x_wconf 86' lang='lat' dir='ltr'>Macedoniam</span> <span class='ocrx_word' id='word_1_227' title='bbox 982 2100 1241 2134; x_wconf 83' lang='lat' dir='ltr'>percurrentem,</span> <span class='ocrx_word' id='word_1_228' title='bbox 1264 2102 1367 2132; x_wconf 85' lang='lat' dir='ltr'>quum</span> <span class='ocrx_word' id='word_1_229' title='bbox 1394 2092 1561 2125; x_wconf 86' lang='lat' dir='ltr'>Ptolemaei</span> <span class='ocrx_word' id='word_1_230' title='bbox 1589 2094 1705 2136; x_wconf 74' lang='lat' dir='ltr'>poiitio</span> 
     </span>
     <span class='ocr_line' id='line_1_39' title="bbox 381 2136 1706 2183; baseline -0.002 -9"><span class='ocrx_word' id='word_1_231' title='bbox 381 2147 494 2175; x_wconf 82' lang='lat' dir='ltr'>Aoum</span> <span class='ocrx_word' id='word_1_232' title='bbox 525 2140 634 2183; x_wconf 73' lang='lat' dir='ltr'>potius</span> <span class='ocrx_word' id='word_1_233' title='bbox 673 2139 811 2172; x_wconf 88' lang='lat' dir='ltr'>fluvium</span> <span class='ocrx_word' id='word_1_234' title='bbox 839 2139 963 2180; x_wconf 87' lang='lat' dir='ltr'>poscat,</span> <span class='ocrx_word' id='word_1_235' title='bbox 995 2138 1051 2179; x_wconf 77' lang='lat' dir='ltr'>qui</span> <span class='ocrx_word' id='word_1_236' title='bbox 1085 2137 1289 2169; x_wconf 85' lang='lat' dir='ltr'>Elimeorum</span> <span class='ocrx_word' id='word_1_237' title='bbox 1324 2136 1488 2179; x_wconf 84' lang='lat' dir='ltr'>regionem</span> <span class='ocrx_word' id='word_1_238' title='bbox 1522 2139 1572 2171; x_wconf 87' lang='lat' dir='ltr'>vel</span> <span class='ocrx_word' id='word_1_239' title='bbox 1614 2139 1706 2172; x_wconf 87' lang='lat' dir='ltr'>finiat</span> 
     </span>
     <span class='ocr_line' id='line_1_40' title="bbox 382 2182 1709 2230; baseline -0.002 -10"><span class='ocrx_word' id='word_1_240' title='bbox 382 2188 559 2230; x_wconf 86' lang='lat' dir='ltr'>tangendO,</span> <span class='ocrx_word' id='word_1_241' title='bbox 573 2186 626 2218; x_wconf 89' lang='lat' dir='ltr'>vel</span> <span class='ocrx_word' id='word_1_242' title='bbox 655 2185 783 2228; x_wconf 82' lang='lat' dir='ltr'>penitus</span> <span class='ocrx_word' id='word_1_243' title='bbox 809 2185 905 2215; x_wconf 89' lang='lat' dir='ltr'>etiam</span> <span class='ocrx_word' id='word_1_244' title='bbox 923 2183 1093 2218; x_wconf 83' lang='lat' dir='ltr'>interluat.</span> <span class='ocrx_word' id='word_1_245' title='bbox 1140 2187 1188 2215; x_wconf 84' lang='lat' dir='ltr'>At</span> <span class='ocrx_word' id='word_1_246' title='bbox 1216 2193 1255 2214; x_wconf 82' lang='lat' dir='ltr'>ex</span> <span class='ocrx_word' id='word_1_247' title='bbox 1278 2182 1491 2223; x_wconf 83' lang='lat' dir='ltr'>sequentibus</span> <span class='ocrx_word' id='word_1_248' title='bbox 1513 2184 1587 2217; x_wconf 87' lang='lat' dir='ltr'>satis</span> <span class='ocrx_word' id='word_1_249' title='bbox 1604 2193 1709 2227; x_wconf 85' lang='lat' dir='ltr'>patet,</span> 
     </span>
     <span class='ocr_line' id='line_1_41' title="bbox 383 2227 1707 2272; baseline -0.003 -7"><span class='ocrx_word' id='word_1_250' title='bbox 383 2235 526 2266; x_wconf 81' lang='lat' dir='ltr'>Elimeam</span> <span class='ocrx_word' id='word_1_251' title='bbox 544 2230 712 2263; x_wconf 79' lang='lat' dir='ltr'>Ptolemaei</span> <span class='ocrx_word' id='word_1_252' title='bbox 726 2230 779 2261; x_wconf 72' lang='lat' dir='ltr'>hic</span> <span class='ocrx_word' id='word_1_253' title='bbox 796 2228 936 2271; x_wconf 84' lang='lat' dir='ltr'>intelligi</span> <span class='ocrx_word' id='word_1_254' title='bbox 950 2239 1017 2259; x_wconf 85' lang='lat' dir='ltr'>non</span> <span class='ocrx_word' id='word_1_255' title='bbox 1036 2228 1144 2270; x_wconf 86' lang='lat' dir='ltr'>poffe;</span> <span class='ocrx_word' id='word_1_256' title='bbox 1171 2230 1202 2260; x_wconf 71' lang='grc' dir='ltr'>ὃς</span> <span class='ocrx_word' id='word_1_257' title='bbox 1219 2227 1346 2259; x_wconf 87' lang='lat' dir='ltr'>locutio</span> <span class='ocrx_word' id='word_1_258' title='bbox 1369 2230 1397 2258; x_wconf 79' lang='lat' dir='ltr'>in</span> <span class='ocrx_word' id='word_1_259' title='bbox 1424 2231 1567 2261; x_wconf 77' lang='lat' dir='ltr'>Elimeam</span> <span class='ocrx_word' id='word_1_260' title='bbox 1592 2232 1707 2272; x_wconf 62' lang='lat' dir='ltr'>procas-</span> 
     </span>
     <span class='ocr_line' id='line_1_42' title="bbox 369 2273 1708 2324; baseline -0.008 -13"><span class='ocrx_word' id='word_1_261' title='bbox 369 2281 415 2324; x_wconf 69' lang='lat' dir='ltr'>fit</span> <span class='ocrx_word' id='word_1_262' title='bbox 427 2278 535 2321; x_wconf 74' lang='lat' dir='ltr'>potius</span> <span class='ocrx_word' id='word_1_263' title='bbox 552 2276 697 2308; x_wconf 87' lang='lat' dir='ltr'>indicare</span> <span class='ocrx_word' id='word_1_264' title='bbox 713 2276 843 2308; x_wconf 84' lang='lat' dir='ltr'>videtur</span> <span class='ocrx_word' id='word_1_265' title='bbox 869 2273 1033 2316; x_wconf 84' lang='lat' dir='ltr'>regionem</span> <span class='ocrx_word' id='word_1_266' title='bbox 1052 2275 1206 2316; x_wconf 84' lang='lat' dir='ltr'>aliquam,</span> <span class='ocrx_word' id='word_1_267' title='bbox 1221 2276 1320 2314; x_wconf 74' lang='lat' dir='ltr'>quarn</span> <span class='ocrx_word' id='word_1_268' title='bbox 1343 2273 1468 2304; x_wconf 86' lang='lat' dir='ltr'>urbem.</span> <span class='ocrx_word' id='word_1_269' title='bbox 1515 2277 1645 2307; x_wconf 88' lang='lat' dir='ltr'>Nomen</span> <span class='ocrx_word' id='word_1_270' title='bbox 1670 2276 1708 2307; x_wconf 85' lang='lat' dir='ltr'>fi-</span> 
     </span>
     <span class='ocr_line' id='line_1_43' title="bbox 382 2319 1708 2363; baseline -0.003 -6"><span class='ocrx_word' id='word_1_271' title='bbox 382 2324 504 2357; x_wconf 87' lang='lat' dir='ltr'>militer</span> <span class='ocrx_word' id='word_1_272' title='bbox 520 2321 664 2354; x_wconf 87' lang='lat' dir='ltr'>occurrit</span> <span class='ocrx_word' id='word_1_273' title='bbox 681 2320 778 2363; x_wconf 72' lang='lat' dir='ltr'>supra</span> <span class='ocrx_word' id='word_1_274' title='bbox 796 2320 817 2351; x_wconf 90' lang='lat' dir='ltr'>l.</span> <span class='ocrx_word' id='word_1_275' title='bbox 833 2328 882 2358; x_wconf 89' lang='lat'>31.</span> <span class='ocrx_word' id='word_1_276' title='bbox 900 2331 927 2350; x_wconf 92' lang='lat' dir='ltr'>c.</span> <span class='ocrx_word' id='word_1_277' title='bbox 941 2329 996 2356; x_wconf 89' lang='lat'>40.</span> <span class='ocrx_word' id='word_1_278' title='bbox 1016 2320 1047 2350; x_wconf 85' lang='lat'>&amp;</span> <span class='ocrx_word' id='word_1_279' title='bbox 1062 2319 1150 2351; x_wconf 78' lang='lat' dir='ltr'>infra</span> <span class='ocrx_word' id='word_1_280' title='bbox 1167 2319 1252 2358; x_wconf 88' lang='lat' dir='ltr'>l.43.</span> <span class='ocrx_word' id='word_1_281' title='bbox 1266 2330 1295 2349; x_wconf 91' lang='lat' dir='ltr'>c.</span> <span class='ocrx_word' id='word_1_282' title='bbox 1310 2327 1344 2350; x_wconf 80' lang='lat'>2¹</span> <span class='ocrx_word' id='word_1_283' title='bbox 1356 2341 1364 2348; x_wconf 90' lang='lat'>.</span> <span class='ocrx_word' id='word_1_284' title='bbox 1388 2319 1446 2360; x_wconf 88' lang='lat'>(2)</span> <span class='ocrx_word' id='word_1_285' title='bbox 1459 2320 1510 2350; x_wconf 90' lang='lat' dir='ltr'>Ad</span> <span class='ocrx_word' id='word_1_286' title='bbox 1527 2319 1708 2353; x_wconf 81' lang='lat' dir='ltr'>incolentes</span> 
     </span>
     <span class='ocr_line' id='line_1_44' title="bbox 382 2364 1707 2408; baseline -0.003 -7"><span class='ocrx_word' id='word_1_287' title='bbox 382 2374 547 2406; x_wconf 88' lang='lat' dir='ltr'>Azorum,</span> <span class='ocrx_word' id='word_1_288' title='bbox 564 2367 731 2407; x_wconf 80' lang='lat' dir='ltr'>Pythium,</span> <span class='ocrx_word' id='word_1_289' title='bbox 757 2367 789 2397; x_wconf 83' lang='lat'>&amp;</span> <span class='ocrx_word' id='word_1_290' title='bbox 808 2364 981 2401; x_wconf 87' lang='lat' dir='ltr'>Dolichen,</span> <span class='ocrx_word' id='word_1_291' title='bbox 1007 2375 1107 2405; x_wconf 90' lang='lat' dir='ltr'>quam</span> <span class='ocrx_word' id='word_1_292' title='bbox 1122 2366 1257 2407; x_wconf 88' lang='lat' dir='ltr'>quidem</span> <span class='ocrx_word' id='word_1_293' title='bbox 1274 2364 1439 2405; x_wconf 82' lang='lat' dir='ltr'>regionem</span> <span class='ocrx_word' id='word_1_294' title='bbox 1454 2366 1623 2408; x_wconf 87' lang='lat' dir='ltr'>Tripolim</span> <span class='ocrx_word' id='word_1_295' title='bbox 1647 2378 1707 2398; x_wconf 85' lang='lat' dir='ltr'>vo-</span> 
     </span>
     <span class='ocr_line' id='line_1_45' title="bbox 385 2408 1705 2456; baseline -0.004 -8"><span class='ocrx_word' id='word_1_296' title='bbox 385 2423 472 2448; x_wconf 86' lang='lat' dir='ltr'>cant.</span> <span class='ocrx_word' id='word_1_297' title='bbox 521 2415 598 2456; x_wconf 83' lang='lat' dir='ltr'>Agri</span> <span class='ocrx_word' id='word_1_298' title='bbox 625 2413 805 2455; x_wconf 50' lang='lat' dir='ltr'>‘Tap-litam·</span> <span class='ocrx_word' id='word_1_299' title='bbox 832 2408 954 2441; x_wconf 80' lang='lat' dir='ltr'>mentio</span> <span class='ocrx_word' id='word_1_300' title='bbox 971 2410 1115 2441; x_wconf 88' lang='lat' dir='ltr'>occurrit</span> <span class='ocrx_word' id='word_1_301' title='bbox 1132 2411 1229 2452; x_wconf 68' lang='lat' dir='ltr'>supra</span> <span class='ocrx_word' id='word_1_302' title='bbox 1254 2408 1276 2440; x_wconf 90' lang='lat' dir='ltr'>l.</span> <span class='ocrx_word' id='word_1_303' title='bbox 1296 2408 1352 2448; x_wconf 88' lang='lat'>36.</span> <span class='ocrx_word' id='word_1_304' title='bbox 1381 2421 1411 2440; x_wconf 87' lang='lat' dir='ltr'>c.</span> <span class='ocrx_word' id='word_1_305' title='bbox 1441 2415 1491 2441; x_wconf 85' lang='lat'>10.</span> <span class='ocrx_word' id='word_1_306' title='bbox 1538 2413 1595 2454; x_wconf 83' lang='lat'>(3)</span> <span class='ocrx_word' id='word_1_307' title='bbox 1612 2413 1705 2443; x_wconf 87' lang='lat' dir='ltr'>Patet</span> 
     </span>
     <span class='ocr_line' id='line_1_46' title="bbox 383 2454 1706 2497; baseline -0.004 -4"><span class='ocrx_word' id='word_1_308' title='bbox 383 2458 530 2493; x_wconf 81' lang='lat' dir='ltr'>excidiffe</span> <span class='ocrx_word' id='word_1_309' title='bbox 546 2457 600 2489; x_wconf 70' lang='lat' dir='ltr'>hic</span> <span class='ocrx_word' id='word_1_310' title='bbox 616 2468 735 2489; x_wconf 88' lang='lat' dir='ltr'>nomen</span> <span class='ocrx_word' id='word_1_311' title='bbox 747 2455 846 2494; x_wconf 84' lang='lat' dir='ltr'>urbis,</span> <span class='ocrx_word' id='word_1_312' title='bbox 856 2465 954 2496; x_wconf 88' lang='lat' dir='ltr'>quam</span> <span class='ocrx_word' id='word_1_313' title='bbox 968 2454 1076 2496; x_wconf 86' lang='lat' dir='ltr'>primo</span> <span class='ocrx_word' id='word_1_314' title='bbox 1092 2456 1237 2487; x_wconf 88' lang='lat' dir='ltr'>adventu</span> <span class='ocrx_word' id='word_1_315' title='bbox 1251 2454 1384 2486; x_wconf 88' lang='lat' dir='ltr'>Perseus</span> <span class='ocrx_word' id='word_1_316' title='bbox 1402 2455 1535 2497; x_wconf 86' lang='lat' dir='ltr'>recepit.</span> <span class='ocrx_word' id='word_1_317' title='bbox 1559 2463 1608 2495; x_wconf 75' lang='lat'>(4,</span> <span class='ocrx_word' id='word_1_318' title='bbox 1628 2458 1706 2488; x_wconf 88' lang='lat' dir='ltr'>Non</span> 
     </span>
     <span class='ocr_line' id='line_1_47' title="bbox 383 2499 1707 2546; baseline -0.004 -7"><span class='ocrx_word' id='word_1_319' title='bbox 383 2507 497 2539; x_wconf 65' lang='lat' dir='ltr'>eidem</span> <span class='ocrx_word' id='word_1_320' title='bbox 514 2503 669 2535; x_wconf 84' lang='lat' dir='ltr'>facilitate</span> <span class='ocrx_word' id='word_1_321' title='bbox 690 2501 829 2546; x_wconf 85' lang='lat' dir='ltr'>Cyretiis</span> <span class='ocrx_word' id='word_1_322' title='bbox 858 2500 981 2542; x_wconf 81' lang='lat' dir='ltr'>potitus</span> <span class='ocrx_word' id='word_1_323' title='bbox 1003 2499 1056 2531; x_wconf 89' lang='lat' dir='ltr'>est.</span> <span class='ocrx_word' id='word_1_324' title='bbox 1101 2502 1164 2533; x_wconf 83' lang='lat' dir='ltr'>Eas</span> <span class='ocrx_word' id='word_1_325' title='bbox 1177 2509 1371 2543; x_wconf 83' lang='lat' dir='ltr'>oppugnare</span> <span class='ocrx_word' id='word_1_326' title='bbox 1386 2500 1430 2532; x_wconf 85' lang='lat' dir='ltr'>est</span> <span class='ocrx_word' id='word_1_327' title='bbox 1441 2502 1585 2540; x_wconf 66' lang='grc' dir='ltr'>εοεὲἲιιε,</span> <span class='ocrx_word' id='word_1_328' title='bbox 1607 2510 1707 2545; x_wconf 80' lang='lat' dir='ltr'>atque</span> 
     </span>
     <span class='ocr_line' id='line_1_48' title="bbox 384 2544 1708 2591; baseline -0.003 -9"><span class='ocrx_word' id='word_1_329' title='bbox 384 2552 483 2582; x_wconf 83' lang='lat' dir='ltr'>etiam</span> <span class='ocrx_word' id='word_1_330' title='bbox 515 2549 622 2591; x_wconf 86' lang='lat' dir='ltr'>primo</span> <span class='ocrx_word' id='word_1_331' title='bbox 651 2548 703 2580; x_wconf 87' lang='lat' dir='ltr'>die</span> <span class='ocrx_word' id='word_1_332' title='bbox 743 2546 889 2589; x_wconf 78' lang='lat' dir='ltr'>repulsus</span> <span class='ocrx_word' id='word_1_333' title='bbox 917 2545 972 2577; x_wconf 88' lang='lat' dir='ltr'>est.</span> <span class='ocrx_word' id='word_1_334' title='bbox 1030 2547 1077 2577; x_wconf 83' lang='lat' dir='ltr'>lta</span> <span class='ocrx_word' id='word_1_335' title='bbox 1101 2547 1185 2578; x_wconf 86' lang='lat' dir='ltr'>hanc</span> <span class='ocrx_word' id='word_1_336' title='bbox 1219 2544 1418 2581; x_wconf 49' lang='lat' dir='ltr'>lectionem,</span> <span class='ocrx_word' id='word_1_337' title='bbox 1438 2557 1536 2588; x_wconf 73' lang='lat' dir='ltr'>quam</span> <span class='ocrx_word' id='word_1_338' title='bbox 1561 2547 1708 2589; x_wconf 65' lang='lat' dir='ltr'>Sigonius</span> 
     </span>
     <span class='ocr_line' id='line_1_49' title="bbox 386 2589 1707 2635; baseline -0.007 -8"><span class='ocrx_word' id='word_1_339' title='bbox 386 2596 502 2627; x_wconf 75' lang='lat' dir='ltr'>frustra</span> <span class='ocrx_word' id='word_1_340' title='bbox 534 2593 734 2631; x_wconf 77' lang='lat' dir='ltr'>sollicitavit,</span> <span class='ocrx_word' id='word_1_341' title='bbox 755 2592 878 2635; x_wconf 75' lang='lat' dir='ltr'>optime</span> <span class='ocrx_word' id='word_1_342' title='bbox 903 2589 1085 2622; x_wconf 83' lang='lat' dir='ltr'>vindicavit</span> <span class='ocrx_word' id='word_1_343' title='bbox 1118 2590 1314 2624; x_wconf 79' lang='lat' dir='ltr'>Crevierius.</span> <span class='ocrx_word' id='word_1_344' title='bbox 1358 2592 1415 2633; x_wconf 80' lang='lat'>(5)</span> <span class='ocrx_word' id='word_1_345' title='bbox 1440 2593 1516 2623; x_wconf 81' lang='lat' dir='ltr'>Vox</span> <span class='ocrx_word' id='word_1_346' title='bbox 1539 2605 1629 2624; x_wconf 81' lang='lat' dir='ltr'><em>omnes</em></span> <span class='ocrx_word' id='word_1_347' title='bbox 1659 2593 1707 2624; x_wconf 70' lang='lat' dir='ltr'>vi.</span> 
     </span>
     <span class='ocr_line' id='line_1_50' title="bbox 386 2638 686 2673; baseline -0.013 0"><span class='ocrx_word' id='word_1_348' title='bbox 386 2644 483 2673; x_wconf 84' lang='lat' dir='ltr'>detur</span> <span class='ocrx_word' id='word_1_349' title='bbox 501 2638 686 2672; x_wconf 84' lang='lat' dir='ltr'>recidenda.</span> 
     </span>
    </p>

    <p class='ocr_par' dir='ltr' id='par_1_11' title="bbox 386 2680 1712 2774">
     <span class='ocr_line' id='line_1_51' title="bbox 434 2680 1712 2725; baseline -0.004 -10"><span class='ocrx_word' id='word_1_350' title='bbox 434 2688 471 2717; x_wconf 90' lang='lat' dir='ltr'>C.</span> <span class='ocrx_word' id='word_1_351' title='bbox 487 2696 544 2725; x_wconf 78' lang='lat'>54.</span> <span class='ocrx_word' id='word_1_352' title='bbox 594 2684 650 2725; x_wconf 85' lang='lat'>(1)</span> <span class='ocrx_word' id='word_1_353' title='bbox 678 2684 782 2725; x_wconf 53' lang='lat' dir='ltr'>Supra</span> <span class='ocrx_word' id='word_1_354' title='bbox 800 2681 822 2714; x_wconf 76' lang='lat' dir='ltr'>l.</span> <span class='ocrx_word' id='word_1_355' title='bbox 834 2691 868 2720; x_wconf 80' lang='lat'>5.</span> <span class='ocrx_word' id='word_1_356' title='bbox 889 2692 915 2713; x_wconf 81' lang='lat' dir='ltr'>c.</span> <span class='ocrx_word' id='word_1_357' title='bbox 939 2691 992 2720; x_wconf 80' lang='lat'>34.</span> <span class='ocrx_word' id='word_1_358' title='bbox 1025 2683 1116 2723; x_wconf 82' lang='lat' dir='ltr'>Alpes</span> <span class='ocrx_word' id='word_1_359' title='bbox 1131 2705 1138 2712; x_wconf 89' lang='lat'>.</span> <span class='ocrx_word' id='word_1_360' title='bbox 1155 2705 1162 2710; x_wconf 90' lang='lat'><em>.</em></span> <span class='ocrx_word' id='word_1_361' title='bbox 1178 2703 1185 2710; x_wconf 89' lang='lat'><strong>.</strong></span> <span class='ocrx_word' id='word_1_362' title='bbox 1202 2693 1271 2723; x_wconf 76' lang='lat' dir='ltr'>quat</span> <span class='ocrx_word' id='word_1_363' title='bbox 1287 2680 1524 2721; x_wconf 63' lang='lat' dir='ltr'>inexsuperabiles</span> <span class='ocrx_word' id='word_1_364' title='bbox 1541 2681 1621 2722; x_wconf 72' lang='lat' dir='ltr'>vtssn</span> <span class='ocrx_word' id='word_1_365' title='bbox 1631 2682 1712 2711; x_wconf 69' lang='lat' dir='ltr'>hamt</span> 
     </span>
     <span class='ocr_line' id='line_1_52' title="bbox 386 2724 1707 2774; baseline -0.004 -13"><span class='ocrx_word' id='word_1_366' title='bbox 386 2735 505 2774; x_wconf 60' lang='lat' dir='ltr'>nqusidcm</span> <span class='ocrx_word' id='word_1_367' title='bbox 523 2732 619 2760; x_wconf 48' lang='lat' dir='ltr'>miror.</span> <span class='ocrx_word' id='word_1_368' title='bbox 643 2730 673 2760; x_wconf 70' lang='lat' dir='ltr'>Sc</span> <span class='ocrx_word' id='word_1_369' title='bbox 691 2728 793 2770; x_wconf 14' lang='lat' dir='ltr'>alibi-K</span> <span class='ocrx_word' id='word_1_370' title='bbox 823 2729 880 2770; x_wconf 76' lang='lat'>(2)</span> <span class='ocrx_word' id='word_1_371' title='bbox 905 2727 1083 2760; x_wconf 71' lang='lat' dir='ltr'>insolenter</span> <span class='ocrx_word' id='word_1_372' title='bbox 1107 2726 1235 2759; x_wconf 66' lang='lat' dir='ltr'>dietum</span> <span class='ocrx_word' id='word_1_373' title='bbox 1247 2725 1290 2759; x_wconf 76' lang='lat' dir='ltr'>est</span> <span class='ocrx_word' id='word_1_374' title='bbox 1308 2724 1441 2768; x_wconf 70' lang='lat' dir='ltr'>jaculari</span> <span class='ocrx_word' id='word_1_375' title='bbox 1456 2729 1486 2758; x_wconf 83' lang='lat' dir='ltr'>in</span> <span class='ocrx_word' id='word_1_376' title='bbox 1503 2729 1625 2769; x_wconf 70' lang='lat' dir='ltr'>aliquem</span> <span class='ocrx_word' id='word_1_377' title='bbox 1636 2734 1707 2768; x_wconf 75' lang='lat' dir='ltr'>pr·-</span> 
     </span>
    </p>

    <p class='ocr_par' dir='ltr' id='par_1_12' title="bbox 1637 2773 1709 2801">
     <span class='ocr_line' id='line_1_53' title="bbox 1637 2773 1709 2801; baseline 0 0"><span class='ocrx_word' id='word_1_378' title='bbox 1637 2773 1709 2801; x_wconf 69' lang='lat' dir='ltr'>bris-</span> 
     </span>
    </p>
   </div>
  </div>
 </body>
</html>
