1830 3131
700 223 1072 268 EPITOME
1138 227 1331 269 L13.47.

321 348 393 402 qui
416 346 545 388 filium
565 345 818 387 Antiochum
841 356 1013 399 puerum
1035 343 1258 385 admodum
1285 343 1518 398 reliquerat,
1538 354 1636 382 con-

321 408 438 447 tinet.
499 405 624 446 Hunc
648 404 900 444 Antiochum
933 416 1107 457 puerum
1129 417 1225 443 cum
1259 402 1372 460 Lysia
1393 399 1638 443 tutore-De—

322 465 506 514 metrius,
551 462 712 506 Seleuci
750 461 872 510 filius,
904 460 975 515 qui
1013 460 1161 502 Romae
1189 460 1303 502 obses
1338 460 1489 512 fuerat,
1510 459 1639 512 ¹clam,

323 523 425 578 quia·
450 537 533 563 non
566 520 846 563 dimittebatur
866 535 886 560 a
909 519 1126 569 Romanis,
1162 520 1397 569 interemit3
1431 521 1469 560 &
1493 517 1575 572 ipse
1596 516 1640 556 in

323 595 496 638 regnum
511 593 710 636 receptus.
771 579 820 619 L.
845 578 1016 619 AEmilio
1037 577 1197 630 Paullo,
1214 578 1284 632 qui
1304 578 1452 619 Persen
1474 577 1642 626 vicerat,

324 651 504 688 mortu0,
541 649 651 680 tanta
672 637 759 694 ejus
780 636 1019 678 abstinentia
1047 636 1141 686 fuit,
1159 645 1218 685 ut,
1273 645 1403 690 quum
1420 651 1467 677 ex
1490 635 1640 689 Hispa-

326 699 393 740 nia
414 708 454 739 et
483 698 727 739 Macedonia
756 695 970 736 immensas
1005 709 1102 749 opes
1136 695 1344 746 retulisset,
1367 695 1437 735 vix
1459 709 1511 735 ex
1545 708 1641 734 auc-

327 758 440 798 tione
462 758 551 812 ejus
583 755 796 796 redaCtum
815 755 872 800 fit,
894 756 1002 794 unde
1035 753 1150 793 uxori
1184 754 1273 809 ejus
1295 755 1368 794 dos
1405 753 1644 795 solveretur..

327 815 559 869 Pomptinae
593 815 760 869 paludes
795 828 816 852 a
851 811 1044 853 Cornelio
1081 812 1265 867 Cethego
1300 811 1479 862 consule,
1514 811 1581 852 cui
1600 824 1648 851 ea

329 873 535 930 provincia
550 882 752 922 evenerat,
775 871 943 922 fiCCatae‚
959 885 1133 926 agerque
1154 885 1204 912 ex
1227 871 1276 912 iis
1291 869 1442 912 sanstus.

754 986 919 1028 LIBRI
981 987 1170 1028 XeLVII.

335 1076 465 1154 CN.
489 1105 713 1149 Tremellio
754 1105 918 1147 tribuno
959 1104 1088 1160 plebis
1123 1104 1251 1144 multa
1281 1103 1391 1146 dieta
1419 1104 1495 1158 est,
1536 1104 1651 1159 quod

331 1181 428 1207 cum
447 1165 678 1208 M.AEmilio
695 1165 853 1219 Lepido
869 1163 1062 1220 pontifice
1079 1163 1258 1203 maximo
1273 1162 1462 1219 injuriose
1481 1174 1652 1205 conten-

331 1226 473 1265 derat:
511 1224 816 1277 sacrorumque‚
838 1223 962 1277 quam
991 1221 1316 1277 magistratuum,
1348 1221 1416 1277 jus
1443 1222 1650 1277 potentius

333 1283 424 1323 fuit.
486 1283 573 1323 Lex
590 1284 639 1322 de
662 1281 816 1322 ambitu
840 1284 931 1322 lata.
995 1280 1187 1321 Lustrum
1211 1294 1233 1319 a
1262 1279 1494 1322 censoribus
1511 1281 1652 1322 condi-

331 1353 420 1382 tum
445 1341 514 1383 est.
579 1340 709 1382 Censa
737 1340 830 1381 sunt
851 1341 1003 1382 civium
1024 1339 1155 1394 capita
1177 1348 1358 1379 trecenta
1370 1339 1535 1395 triginta
1555 1339 1654 1380 οὲὶο

332 1400 475 1448 millia,
498 1410 677 1440 trecenta
700 1398 1023 1453 quatuordecim.
1091 1396 1285 1451 Princeps
1321 1397 1483 1440 senatus
1520 1397 1654 1440 lectus

334 1458 530 1498 AEmilius
557 1458 750 1511 Lepidus.
814 1458 925 1497 Inter
946 1457 1190 1497 Ptolemaeos
1213 1454 1373 1507 fratres,
1394 1457 1465 1511 qui
1497 1456 1656 1498 diffide-

335 1516 446 1565 bant,
464 1516 601 1556 foedus
622 1516 771 1566 ie'tum,
792 1527 836 1555 ut
858 1516 958 1555 alter
971 1514 1014 1554 in
1030 1514 1230 1570 AEgypto‚
1260 1515 1360 1555 alter
1372 1515 1544 1571 Cyrenis
1564 1530 1656 1571 reg·

334 1585 465 1615 naret.
530 1573 782 1622 Ariarathes,
805 1573 1079 1628 Cappadociae
1111 1586 1198 1621 rex,
1240 1573 1404 1614 confilio
1434 1574 1656 1624 Demetrii,

335 1635 440 1689 regis
459 1632 601 1688 Syriae‚
633 1633 672 1672 δι
701 1631 852 1672 viribus
883 1629 1021 1686 pulsus
1052 1644 1194 1683 regne,
1227 1644 1249 1670 a
1270 1630 1410 1672 senatu
1445 1632 1657 1674 restitutus

335 1692 407 1733 est.
469 1691 576 1732 Miffi
608 1706 630 1731 a
667 1689 822 1741 senatu,
853 1690 924 1744 qui
955 1689 1060 1729 inter
1089 1688 1335 1729 Mafiniffam
1373 1692 1415 1731 δε
1437 1690 1658 1747 Karthagi-

336 1750 492 1791 nienses
514 1751 564 1790 de
597 1763 694 1804 agro
709 1749 954 1801 judicarent.
1016 1747 1066 1788 C.
1100 1747 1284 1788 Marcius
1304 1747 1444 1789 consul
1464 1748 1658 1792 adversus

335 1809 550 1849 Dalmatas
583 1821 728 1863 parum
752 1807 942 1862 prospere
972 1803 1170 1861 primum,
1201 1805 1340 1860 postea
1361 1806 1537 1849 feliciter
1551 1824 1657 1866 pug-

336 1868 447 1907 navit
466 1884 477 1916 3
512 1881 606 1907 cum
631 1863 780 1919 quibus
811 1866 917 1906 bello
937 1863 1188 1920 confligendi
1210 1864 1329 1905 causa
1351 1864 1448 1916 suit,
1469 1864 1584 1921 quod
1601 1869 1657 1909 Il-

338 1926 478 1984 1yrios,
513 1926 654 1980 populi
696 1924 875 1964 Romani
912 1923 1368 1973 socios‚.xvastaverant;
1400 1926 1657 1981 eandemque

335 1993 498 2040 gentem
537 1982 754 2025 Cornelius
786 1982 931 2023 Nafica
970 1981 1107 2022 consul
1141 1981 1315 2022 domuit.
1375 1983 1431 2032 Q.
1465 1980 1660 2039 Opimius'

336 2042 477 2083 consul
516 2041 804 2095 'l'ransalpinos
827 2041 1015 2096 Ligures,
1055 2039 1125 2094 qui
1157 2039 1462 2082 Massiliensium
1492 2044 1661 2099 oppida,

340 2101 573 2155 Antipolim
595 2102 632 2140 δι’
657 2100 862 2150 Nicaeam,
892 2099 1114 2147 vastabant,
1146 2097 1316 2153 subegit.
1379 2101 1580 2143 Praeterea
1595 2117 1661 2145 res

340 2162 383 2199 in
419 2158 615 2213 Hispania
651 2173 671 2196 a
694 2157 973 2212 compluribus
1002 2170 1145 2212 parum
1167 2157 1355 2212 prospere
1376 2159 1506 2213 gestas
1527 2162 1662 2202 conti-

341 2226 424 2259 net.
484 2217 681 2258 Consules
710 2231 817 2256 anno
851 2215 1173 2271 quingentefimo
1213 2215 1474 2272 nonagesimo
1511 2218 1661 2261 oE‘tavo

341 2278 393 2317 ab
415 2275 513 2315 urbe
532 2275 694 2315 condita
716 2274 1010 2329 magistratum,
1032 2273 1208 2328 peraetis
1229 2275 1422 2328 comitiis,
1443 2275 1661 2332 insequen-

344 2335 474 2388 tisque
489 2334 582 2374 anni
605 2332 836 2373 consulibus
858 2333 1018 2382 creatis,
1051 2331 1153 2373 inire
1175 2343 1405 2386 coeperunt.
1464 2334 1662 2379 Mutandi

342 2392 509 2436 comitia
529 2391 644 2432 causa
659 2390 755 2441 fuit,
786 2390 897 2445 quod
920 2390 1365 2446 Hispanirebellabant.
1424 2392 1587 2450 Legati,
1609 2397 1661 2437 ad

344 2452 652 2506 disceptandum
683 2450 788 2490 inter
814 2449 1060 2491 Masinifl'am
1094 2451 1132 2490 8<
1165 2449 1520 2506 Carthaginienses
1541 2453 1660 2504 miffi,

345 2510 703 2555 renunciaverunt,
735 2507 819 2547 vim
841 2509 991 2549 navalis
1021 2507 1201 2549 materiae
1236 2507 1274 2548 se
1301 2509 1555 2566 Karthagine
1589 2512 1661 2552 de-

347 2566 611 2620 prehendiffe.
676 2566 849 2619 Aliquot
871 2577 1080 2621 praetores,
1112 2580 1134 2607 a
1155 2565 1373 2623 provinciis
1396 2568 1574 2611 avaritiae
1584 2581 1660 2611 no—

348 2625 458 2666 mine
480 2625 669 2676 accusati,
706 2624 888 2666 damnati
922 2624 1025 2666 sunt.

1499 2682 1658 2726 LIBRI
