1804 3121
300 247 335 288 L
356 248 376 288 1
399 248 431 288 Β
454 246 487 287 E
509 245 550 285 R
606 243 762 286 XLIII.
816 243 852 285 C
870 246 910 285 A
928 245 973 287 P.
1025 245 1143 288 XIX.
1198 249 1366 305 (XXI.)

167 362 325 404 rnuiffet
366 361 576 415 proximos
617 361 866 418 Illyriorum,
914 361 1117 403 Gentium
1158 377 1323 418 quoque
1355 380 1493 422 regem

161 419 248 474 jam
270 422 340 462 diu
370 419 540 460 dubium
565 421 604 460 in
628 422 878 467 societatem
900 422 1041 474 perlici
1059 422 1165 475 poffe
1185 439 1198 470 ς
1230 438 1326 463 cum
1350 426 1494 466 decem

166 478 344 520 millibus
365 479 565 533 peditum,
596 495 773 534 quorum
802 491 893 533 pars
915 478 1161 535 phalangitae
1178 491 1307 531 erant,
1332 484 1368 522 8(
1390 483 1494 524 duo-

166 536 241 577 bus
264 537 441 578 millibus
464 539 612 578 levium
638 541 979 591 armatorum(3),
1014 540 1051 579 ἃ
1086 540 1321 595 quingentis
1342 541 1493 594 equiti-

165 594 240 636 bus
259 597 483 651 proseffluffi
517 600 730 637 Stuberarn
765 597 888 637 venit.
939 597 1038 636 Inde
1071 597 1282 640 frumento
1305 601 1494 653 complu-

164 653 270 693 rium
293 655 451 705 dierum
477 655 652 707 sumpto,
681 656 866 712 juffnque
901 662 1097 708 apparatu
1119 659 1493 713 oppugnandarum

165 712 329 753 urbium
354 708 481 768 sequi,
514 715 634 755 tertio
656 716 722 755 die
758 716 809 754 ad
844 713 1051 754 Uscanam
1074 715 1342 768 (Penestianae
1375 726 1494 758 terrae

161 784 210 811 ea
242 774 422 813 maxima
446 774 541 815 urbs
563 774 638 827 est)
670 773 800 828 posuit
838 773 989 813 castra:
1022 771 1135 827 prius
1176 786 1331 827 tamen,
1366 774 1495 829 quam

164 831 243 870 vim
269 833 518 881 admoveret,
550 832 687 880 miffis,
719 833 790 886 qui
814 841 1018 872 tentarent
1055 846 1165 873 nunc
1198 833 1496 888 praefe&orum

163 890 352 944 praefidii,
384 906 494 931 nunc
517 892 818 945 oppidanorum
837 891 1009 931 animos.
1033 901 1119 932 erat
1148 902 1287 933 autem
1319 892 1375 933 ibi
1397 907 1498 934 cum

162 951 378 1004 juventute
403 950 633 1005 lllyriorum
658 951 895 990 Romanum
914 949 1143 1003 praefidium
1159 954 1237 1003 (4).
1270 951 1497 1006 Postquam

166 1007 268 1047 nihil
296 1009 427 1062 pacati
463 1008 710 1058 referebant,
747 1021 986 1063 oppugnare
1018 1008 1075 1049 est
1098 1011 1280 1058 adortus,
1314 1013 1354 1051 δε
1384 1016 1399 1062 ΙΙ
1426 1025 1498 1051 co-

164 1067 263 1106 rona
287 1081 376 1106 eam
400 1082 543 1121 capere
565 1078 737 1108 conatus
757 1069 828 1108 est.
845 1081 973 1122 quum
996 1067 1078 1108 fine
1108 1068 1397 1109 intermistione
1432 1069 1498 1109 in-

165 1126 299 1165 terdiu
337 1127 545 1180 nostuque
582 1126 650 1166 alii
697 1127 785 1167 aliis
837 1127 1115 1176 succedentes,
1147 1131 1210 1182 (5)
1241 1142 1333 1181 pars
1370 1127 1496 1169 scalas

166 1185 309 1233 muris,
342 1185 480 1240 ignem
517 1186 645 1239 portis
692 1185 906 1234 inferrent,
941 1184 1190 1227 sustinebant
1227 1197 1364 1226 tamen
1403 1200 1498 1227 eam

166 1244 448 1296 tempestatem
474 1254 798 1299 propugnatores
822 1243 960 1292 urbis;
993 1244 1088 1297 quia
1106 1259 1198 1299 spes
1225 1254 1326 1294 erat,
1359 1259 1498 1299 neque

166 1301 314 1343 hiemis
336 1300 418 1341 vim
440 1301 595 1342 diutius
623 1302 706 1356 pati
735 1303 992 1343 Macedonas
1020 1303 1061 1341 in
1091 1312 1232 1357 aperto
1261 1303 1385 1358 polle,
1419 1317 1498 1344 nec

167 1360 218 1401 ab
241 1360 434 1400 Romano
455 1360 562 1400 bello
594 1370 756 1400 tantum
774 1360 860 1415 regi
880 1367 905 1414 †
924 1362 1142 1402 laxamenti
1163 1362 1270 1413 fore,
1303 1372 1348 1401 ut
1370 1363 1499 1416 posset

166 1419 332 1459 morari.
392 1418 605 1466 Ceterum,
635 1418 852 1473 postquam
875 1419 1013 1460 vineas
1034 1419 1113 1474 argi,
1146 1420 1358 1474 turresque
1382 1420 1498 1461 exci-

166 1478 244 1519 tari
281 1477 486 1527 viderunt,
536 1477 646 1518 vieta
682 1476 906 1532 pertinacia
938 1477 1009 1518 est.
1057 1491 1170 1528 nam,
1221 1488 1498 1533 praeterquam

166 1535 281 1592 quod
303 1535 492 1592 adversus
514 1535 596 1576 vim
615 1549 731 1590 pares
767 1549 849 1575 non
869 1546 1001 1588 erant,
1032 1550 1083 1577 ne
1105 1535 1303 1578 frumenti
1324 1538 1499 1592 quidem

164 1605 236 1636 aut
258 1595 380 1636 ullius
402 1594 569 1637 alterius
608 1595 665 1635 rei
705 1594 823 1650 copia
858 1594 969 1636 intus
989 1604 1090 1646 erat,
1123 1607 1169 1637 ut
1189 1595 1231 1636 in
1252 1596 1498 1652 necopinata.

164 1653 401 1706 obsidione.
446 1654 589 1708 Itaque
612 1667 743 1709 quum
777 1653 861 1708 spei
894 1653 995 1695 nihil
1023 1656 1072 1695 ad
1095 1654 1361 1696 resistendum
1381 1656 1498 1708 effet,

165 1714 216 1755 C.
237 1713 439 1755 Carvilius
471 1713 709 1768 Spoletinus
749 1715 786 1753 ἃ
818 1713 867 1754 C.
893 1713 1091 1755 Afranius
1125 1729 1148 1755 a
1184 1714 1368 1769 praesidio
1404 1714 1498 1755 Ro-

167 1787 290 1814 mano
326 1771 443 1821 missi,
475 1773 546 1826 qui
581 1787 602 1812 a
641 1771 790 1817 Perseo
831 1783 1031 1827 peterent,
1065 1772 1219 1828 primo,
1249 1785 1294 1814 ut
1316 1784 1496 1815 armatos

166 1832 319 1886 suaque
361 1831 498 1872 secum
535 1830 715 1872 ferentes
748 1830 858 1872 abire
896 1832 1070 1881 smeret3
1102 1831 1213 1882 dein,
1245 1832 1270 1872 fi
1292 1833 1333 1873 id
1356 1831 1498 1874 minus

166 1891 446 1946 impetrarent,
478 1890 571 1931 vitae
609 1888 770 1931 tantum
806 1890 1081 1945 libertatisque
1104 1890 1229 1932 fidem
1251 1893 1497 1947 acciperent.

166 1950 410 1992 Promissum
446 1950 487 1990 id
518 1946 737 2005 benignius
774 1949 832 1990 est
869 1949 919 1990 ab
956 1965 1066 2006 rege,
1099 1949 1225 2005 quarn
1251 1951 1494 2005 praestitum.

166 2009 276 2049 exire
298 2008 410 2049 enim
451 2008 519 2049 sua
556 2008 694 2049 secum
730 2008 994 2051 efferentibus
1024 2009 1138 2066 juffis
1179 2007 1362 2064 priQO
1381 2024 1497 2051 arma

167 2067 319 2108 ademit
337 2070 410 2122 (6).
435 2067 500 2108 his
528 2067 626 2107 urbe
649 2067 823 2123 egreffis,
850 2067 1139 2124 &Illyriorum
1161 2068 1324 2119 cohors,
1356 2069 1496 2124 (quin—

166 2126 280 2184 genti
300 2129 432 2178 erant)
469 2128 505 2166 ἃ
530 2125 788 2168 Uscanenses
810 2126 848 2166 se
872 2126 1097 2182 urbemque
1127 2124 1386 2169 dediderunt.

225 2184 344 2228 XIX.
377 2184 550 2241 (XXI.)
601 2184 785 2234 Perseus,
831 2185 1015 2241 praesidio
1063 2185 1242 2228 Uscanae
1286 2186 1495 2241 imposito,

1183 2245 1495 2287 multitudinem

169 2364 308 2395 Rumam.
357 2366 459 2405 [Mox
470 2362 599 2395 mallem
604 2364 655 2407 fin
668 2364 820 2406 dontuffffit.
866 2364 988 2396 Totam
1003 2365 1188 2407 periodum,
1200 2364 1385 2408 longiorem
1397 2364 1495 2397 solito

172 2408 204 2440 81
222 2409 324 2451 magis
356 2410 560 2452 implicitam,
577 2409 844 2452 interpunctione
876 2411 1064 2452 paullulum
1095 2411 1268 2442 immutata
1295 2411 1417 2453 adjuvi.
1435 2412 1494 2452 E.)

169 2456 229 2495 (3)
245 2455 358 2487 Potius
374 2458 386 2498 Η
400 2458 506 2486 levium
520 2468 675 2486 armorum.
722 2455 810 2486 infra
829 2456 851 2487 l.
869 2466 923 2494 44.
937 2467 965 2487 e.
986 2467 1018 2494 4.
1032 2460 1230 2499 quigrwvium
1243 2469 1389 2489 armorum
1400 2465 1497 2488 erant.

170 2502 227 2540 (4)
251 2501 356 2543 Supra
374 2513 402 2533 c.
422 2510 475 2532 ω.
493 2500 570 2532 urbs
582 2500 636 2531 illa
653 2501 771 2533 frustra
788 2509 933 2534 tentatur
959 2502 1000 2533 ab
1017 2506 1085 2544 Ap.
1109 2502 1261 2534 claudio.
1283 2502 1367 2535 Eam
1383 2511 1494 2536 autem

171 2546 302 2577 interim
320 2549 353 2578 in
371 2547 561 2589 potestatem
578 2547 805 2578 Romanorum
821 2547 1009 2588 perveniffe,
1026 2558 1065 2579 ex
1082 2549 1144 2580 hoc
1161 2548 1233 2579 loco
1244 2547 1494 2591 intelligendum

171 2591 230 2624 est·
276 2593 361 2624 Mox
379 2604 439 2635 pro
462 2595 577 2624 adhrtus
602 2591 670 2634 lege
694 2592 713 2632 ς
730 2593 855 2632 adorsus-
902 2594 957 2632 (5)
970 2594 1057 2635 Lege
1075 2595 1174 2636 fialas
1193 2597 1294 2632 muris,
1310 2603 1385 2637 pars
1402 2598 1494 2637 ignem

167 2640 265 2681 portis
281 2641 434 2680 inferrent.
483 2640 519 2670 ln
548 2637 658 2679 priore
684 2637 772 2669 enirn
796 2638 918 2680 potins,
940 2637 1039 2680 quam
1068 2639 1103 2671 in
1136 2639 1311 2683 posteriore
1342 2640 1494 2671 membro

173 2684 285 2714 omitti
302 2684 383 2716 solet
408 2695 483 2721 vox,
506 2683 570 2726 quz‘i
589 2682 725 2725 partitio
745 2684 942 2726 dessgnatur.
988 2685 1067 2716 Vid.
1082 2687 1105 2726 ἹῘ
1131 2685 1256 2727 Ellipfis
1283 2685 1402 2729 prioris
1428 2686 1492 2717 &c-

172 2730 228 2770 (ὁ)
243 2732 336 2762 Patet
365 2728 420 2762 hic
452 2731 593 2762 alterum
624 2729 782 2761 orationis
814 2730 998 2763 membrum
1015 2730 1174 2770 excidisse,
1192 2732 1282 2774 quod
1299 2732 1492 2774 respondeat

175 2788 217 2816 τι),
227 2777 374 2857 ῥὲἔιᾲω
402 2787 439 2809 ex
456 2775 602 2822 sequenti
625 2783 735 2809 autem
752 2776 835 2820 Cap.
866 2785 1020 2822 apparet,
1037 2778 1211 2812 Romanos
1238 2790 1256 2811 a
1287 2788 1365 2820 rege
1383 2785 1492 2811 reten-

170 2828 222 2853 tos
233 2831 248 2853 e

1642 261 1716 303 ¹3)
