1794 3121
633 181 1088 224 INDEX.

157 317 226 361 37.
247 307 375 364 copiis
405 308 570 358 nudius,
609 307 716 349 redit
735 306 826 348 No-

155 367 256 418 lam,
281 372 322 410 &
346 382 441 409 cum
483 368 658 408 Nolanis
699 368 826 408 collo-

155 427 310 479 quitur,
333 439 402 480 43.
424 427 464 466 in
481 428 665 468 Bruttios
683 426 827 467 remit-

156 485 272 534 titur,
295 489 364 537 46.
385 487 434 526 ad
450 486 728 527 defectionem
750 485 828 525 sol-

155 542 285 585 licitat
306 545 474 586 Graecas
498 546 619 587 urbes
643 550 682 586 in
704 546 827 586 Brut-

155 602 237 652 tiis,
257 604 369 645 xxiv.
395 618 430 645 1.
450 608 553 645 inter
574 605 827 645 Hannonem

161 663 201 702 &
227 664 468 704 Gracchum
492 664 594 705 acris
616 677 754 719 pugna
777 662 828 702 ad

159 722 463 775 Beneventum,
500 739 563 775 14.
607 737 669 778 15.
697 721 827 763 suble·

155 789 223 820 vat
245 782 424 836 inopiam
443 785 559 837 Capu
574 801 613 834 o,
637 795 737 821 xxv.
763 795 828 836 13.

157 839 245 894 ejus
285 842 413 882 castra
445 842 664 897 capiuntur
696 857 718 882 a
742 841 831 881 Ro-

158 900 306 951 manis,
345 916 411 953 14.
435 900 544 952 fugit
567 903 606 940 in
631 901 828 951 Bruttios,

158 958 246 998 ibid.
286 961 428 1013 praeest
475 960 661 1015 praesidio
689 961 830 1001 Meta..

158 1030 292 1070 ponti,
322 1020 443 1059 xxviiz
463 1032 530 1072 42.

98 1075 254 1117 Hanno
280 1077 438 1133 Capuae
469 1080 615 1134 praeest
648 1079 830 1135 prasidio

157 1135 332 1187 Punico,
352 1139 465 1179 xxvi.
495 1150 529 1190 5.
562 1153 625 1182 12.

97 1194 272 1247 Hanno,
305 1198 449 1238 relidia
494 1199 648 1250 Sicilia,
681 1197 832 1254 trajicit

158 1254 200 1293 in
225 1255 423 1306 Africam,
447 1260 566 1298 xxvi.
590 1273 663 1310 40.

99 1313 270 1364 Hanno,
316 1330 395 1356 nov
427 1331 444 1357 s
497 1317 737 1373 imperator,
789 1315 830 1356 in

157 1373 401 1428 Hispaniam
426 1390 478 1417 ex
515 1377 672 1424 Africa,
705 1377 746 1416 in
773 1378 829 1416 lo*

155 1447 253 1473 cum
325 1435 492 1476 Barcini
571 1435 830 1483 Asdrubalis,

154 1492 464 1549 transgreditur,
506 1495 647 1536 xxviii.
678 1508 716 1536 1.
759 1496 829 1535 ad·

153 1552 291 1594 versus
323 1568 419 1595 eum
458 1554 634 1596 mittitur
675 1568 697 1594 a
744 1554 833 1595 §ci-

152 1610 277 1665 pione
305 1613 566 1661 Meflanus,
597 1613 690 1655 ibid.
712 1613 830 1653 Han-

153 1684 210 1710 no
240 1670 356 1711 vivus
378 1674 538 1727 capitur
561 1689 582 1713 a
607 1673 828 1723 Romanis,

157 1741 195 1771 2.
220 1730 400 1772 mittitur
423 1734 619 1782 Romam,
638 1751 676 1780 4.

97 1788 270 1839 Hanno,
337 1791 561 1846 praefectus
622 1792 830 1847 Magonis,

159 1850 311 1889 xxviii.
362 1862 425 1904 23.
483 1850 671 1892 funditur
723 1864 746 1891 a
771 1849 830 1892 L.

162 1910 333 1961 {tiara-10,
351 1924 421 1965 30.

99 1966 272 2016 Hanno,
295 1969 443 2009 nobilis
462 1969 641 2025 juvenis,
669 1965 831 2023 equita-

159 2026 221 2066 tui
245 2027 400 2068 Punico
416 2028 654 2082 praefc&us‚
673 2028 714 2067 in
730 2041 835 2081 pug-

159 2100 212 2126 na
233 2086 409 2139 equestri
441 2086 659 2136 occiditur,
682 2087 831 2128 >ii-,xix

160 2157 230 2195 29.
254 2145 336 2184 vid.
358 2154 393 2185 et
417 2157 485 2200 35.

100 2202 273 2254 Hanno,
302 2204 522 2246 Amilcaris
564 2202 692 2256 filius,
728 2219 830 2260 prae-

160 2262 297 2304 feei-is
376 2263 535 2304 Punico
617 2263 834 2319 equitatui,

165 2322 281 2362 xxix.
309 2334 377 2378 34.
401 2322 564 2364 elicitur
586 2338 608 2363 a
634 2323 835 2364 Ixiafinifsa

160 2383 211 2421 ad
243 2396 442 2437 pugnam,
477 2382 661 2423 vincitur
694 2384 734 2424 δε
770 2383 834 2424 in-

152 2440 367 2491 terficitur,
385 2441 472 2481 ibid.

98 2498 255 2547 Hanno
316 2501 536 2542 Amilcaris
579 2498 704 2551 filius,
748 2502 830 2542 xlv.

159 2572 227 2612 14.

96 2615 344 2673 Harmonia,
387 2618 565 2670 Gelonis
592 2617 694 2673 filia,
715 2617 832 2668 The-

1527 189 1609 234 437

939 305 1058 346 misto
1089 316 1233 361 nupta,
1266 306 1384 350 xxiv.
1409 319 1477 360 24.
1501 306 1610 348 occi-

941 366 1068 414 ditur,
1091 376 1160 416 25.

882 424 1177 480 Harpagones,
1211 424 1353 465 afferes
1376 424 1509 466 ferreo
1533 437 1611 464 un-

936 498 987 524 co
1008 483 1187 538 praefixi,
1212 496 1312 524 xxx.
1339 498 1403 525 10.

880 543 1105 598 Harpalus,
1151 542 1342 598 princeps
1393 541 1610 597 legationis

941 601 1092 650 Persei,
1144 601 1319 643 offendit
1377 601 1611 653 Romanos,

945 662 1031 706 xlii.
1057 676 1121 712 14.

883 722 1112 776 Harpasus,
1130 719 1303 767 flumen,
1326 718 1501 759 xxxviii.
1526 730 1590 773 13.

884 781 1120 836 Haruspex,
1144 779 1225 820 vid.
1290 779 1462 834 ruspex,

883 841 1013 882 Hasta
1043 840 1206 889 Martis,
1229 841 1340 880 xxiv.
1372 854 1435 880 10.

884 899 955 943 sub
973 900 1102 940 Hasta
1124 899 1232 940 bona
1249 898 1429 948 vendita,
1467 913 1503 938 V.
1548 898 1613 938 16.

941 961 980 1000 δε
996 959 1159 1014 captivi,
1183 957 1237 998 vi.
1260 971 1305 1009 4.
1323 958 1403 998 vid.
1430 956 1519 1000 &x
1539 957 1611 997 viv.

949 1022 1014 1060 18.

884 1077 1027 1118 Hastae
1045 1075 1233 1116 immissio
1252 1075 1294 1115 in
1326 1075 1429 1116 fines
1452 1090 1613 1128 eorum,

945 1137 1053 1177 unde
1086 1149 1150 1176 res
1185 1139 1384 1190 repetitae,
1423 1136 1527 1177 ritus
1548 1136 1613 1175 in-

945 1196 1110 1236 dicendi
1133 1194 1243 1242 belli,
1262 1195 1287 1234 i.
1315 1207 1383 1249 32.

887 1255 1112 1296 Hastarum
1150 1255 1325 1294 duarum
1366 1253 1520 1308 spicula
1550 1268 1614 1293 ar-

945 1315 1055 1355 dent.
1082 1314 1148 1354 vicl
1185 1313 1437 1369 Prodigium.

887 1373 1028 1415 Hastis
1052 1373 1184 1414 tribus
1203 1371 1249 1411 fit
1266 1374 1435 1428 jugum,
1459 1370 1517 1410 iii.
1546 1375 1613 1415 28.

885 1447 939 1473 ex
967 1431 1123 1483 Hastis,
1168 1444 1263 1484 quae
1298 1436 1337 1471 in
1361 1442 1516 1472 terrum
1549 1445 1616 1471 ca-

941 1491 1085 1532 dentes
1107 1490 1255 1532 infixae
1284 1490 1491 1542 steterant,
1533 1492 1618 1530 val-

943 1551 1045 1593 lum,
1072 1565 1199 1592 xxxv.
1221 1562 1289 1604 30.

884 1609 1064 1660 Hastati,
1104 1610 1250 1666 primae
1299 1608 1400 1651 aciei
1450 1609 1617 1659 milites,

944 1669 1028 1709 viii.
1054 1673 1091 1711 8*

886 1729 1084 1771 Hastatus
1101 1728 1321 1777 secundus,
1342 1728 1457 1769 x·-;vi.
1483 1741 1517 1780 ς.

1022 1788 1222 1840 decimus,
1245 1787 1330 1826 xlii.
1354 1799 1424 1840 34.

887 1872 999 1879 ——
1022 1849 1180 1901 primus
1211 1845 1357 1902 prioris
1398 1844 1617 1897 centuriae,

948 1904 1037 1946 ibid.

888 1963 1073 2014 Hebrus,
1095 1964 1260 2010 fluvius,
1282 1964 1462 2005 xxxviii.
1488 1978 1558 2015 41.

889 2022 1074 2080 Hegeas,
1142 2023 1367 2079 praefe&us
1425 2023 1614 2078 equitum

955 2083 1337 2138 {neapolitanorum
1362 2085 1472 2124 xxiii.
1508 2097 1537 2122 1.

888 2140 1166 2197 Hegesianax,
1203 2144 1363 2197 legatus
1418 2140 1618 2183 Antiochi

948 2203 998 2242 ad
1015 2203 1249 2254 Romanos,
1275 2203 1428 2244 xxxiv.
1452 2213 1521 2255 57.
1548 2204 1617 2255 58.

889 2275 1209 2377 Η65ἓ6ὓ1061111ς,
1271 2318 1457 2360 summus
1506 2317 1618 2372 apud

948 2379 1137 2420 Rhodios
1156 2377 1527 2436 magistratus,xlii.
1546 2390 1618 2432 45.

950 2440 1038 2494 ejus
1057 2439 1236 2493 prudens
1255 2438 1483 2488 consilium,
1500 2437 1588 2478 ibid.

889 2496 1068 2538 Helenae
1089 2498 1312 2536 reddendae
1336 2496 1527 2538 311810165
1544 2497 1622 2539 AE-

949 2571 1046 2598 neas
1072 2557 1109 2596 &
1140 2557 1382 2605 Anten0r‚i.
1410 2569 1442 2596 1.

890 2615 1146 2658 Heliodorus
1180 2626 1430 2672 purpuratus
1468 2613 1621 2654 insidiis

1180 2674 1183 2679 “
1423 2672 1621 2729 opprimit
