1804 3121
353 268 567 311 LIBER
616 267 768 308 XLIV.
815 267 971 310 CAP.
1025 269 1114 312 XL.

83 385 232 426 flumen
273 385 380 435 esset,
415 384 566 425 neutris
603 383 893 433 lacessentibus,
935 383 1032 424 hora
1074 383 1234 425 circiter
1275 399 1394 438 quar-

82 445 119 482 ta
145 446 470 499 (4)jumentum,
492 456 514 482 e
550 442 736 483 manibus
771 442 1003 483 curantium
1035 445 1093 495 (5)
1125 442 1320 498 elapsum,
1353 444 1397 481 in

85 504 316 543 ulteriorem
353 502 482 555 ripam
515 500 672 555 effugit.
707 502 816 555 quod
840 514 967 554 quum
990 514 1061 554 per
1083 515 1246 554 aquam,
1267 500 1397 540 ferme

84 575 191 614 genu
233 571 350 600 tenus
391 560 530 607 altam,
573 571 654 598 tres
694 559 844 599 milites
885 559 1165 613 sequerentur,
1213 558 1397 600 'l'hraces

84 623 166 657 (ιω)
185 620 244 672 (6)
266 619 303 657 id
334 618 566 672 jumentum
589 630 637 656 ex
660 618 794 657 medio
831 618 943 658 alveo
975 617 1016 656 in
1044 616 1154 657 suam
1174 618 1302 672 ripam
1319 627 1398 656 tra-

84 675 251 724 hentes3
282 677 408 716 altero
430 689 573 716 eorum
601 675 746 723 occiso,
781 689 1026 730 receptoque
1049 689 1096 716 eo
1122 676 1324 731 jumento,
1347 675 1399 721 ad

86 733 297 774 stationem
330 733 493 774 suorum
517 733 554 773 se
575 733 843 788 recipiebam&
897 733 1244 788 octingentorum
1267 732 1401 774 Thra-

85 805 178 832 cum
202 793 428 846 praesidium
450 793 490 832 in
522 791 698 832 hostium
720 792 805 846 ripa
833 804 930 831 erat.
954 805 1003 834 ex
1031 791 1090 832 his
1110 792 1228 846 pauci
1250 790 1401 847 primo,

84 864 190 903 aegre
219 850 311 905 paffi
335 851 574 906 popularem
597 852 635 890 in
660 850 729 890 suo
766 849 987 904 conspeetu
1008 849 1173 900 caesum,
1196 852 1245 890 ad
1268 850 1421 904 perse-'

86 911 272 962 quendos
322 908 607 949 interfectores
651 908 820 948 fluvium
871 908 1094 963 transgressi
1144 910 1263 950 sunt:
1306 908 1399 948 dein

87 968 239 1021 plures,
276 967 484 1021 postremo
505 980 663 1014 omneS‚
699 970 737 1008 ἃ
763 981 857 1007 cum
888 967 1086 1021 praesidio,
1120 970 1240 1021 [qnod
1262 983 1281 1006 a
1301 980 1401 1020 parte

92 1028 338 1064 Rornanorum
360 1027 471 1078 ripam
492 1026 721 1067 defendebat.
749 1041 890 1064 manum
912 1026 1111 1065 conserunt.
1168 1026 1258 1064 Non
1275 1024 1402 1064 desunt

87 1085 262 1124 auctores,
293 1083 352 1132 qui
373 1079 475 1132 ipsius
496 1080 609 1118 Paulli
638 1080 725 1132 jussu
756 1095 888 1132 equum
910 1083 1071 1119 detracto
1093 1080 1193 1118 freno
1214 1080 1401 1132 impulsum

87 1136 242 1173 scribant
264 1136 298 1172 in
320 1135 484 1174 liollilem
502 1136 630 1184 ripam,
653 1134 870 1186 emissusque,
893 1138 952 1187 qui
972 1137 1208 1179 retraherent,
1229 1146 1267 1172 ut
1283 1134 1401 1172 hostes

89 1203 242 1240 pugnam
273 1191 407 1240 priores
437 1188 657 1228 lacesserent.
718 1190 862 1227 Etenim
885 1203 993 1241 quum
1011 1190 1134 1240 viginti
1161 1188 1255 1227 caesis
1277 1187 1403 1226 hostiis

90 1243 228 1280 litatum
251 1257 322 1280 non
339 1243 436 1289 esset,
456 1245 601 1280 tandem
622 1243 700 1280 laeta
719 1242 897 1293 vigesimw
918 1245 1040 1295 primae
1060 1254 1146 1281 exta
1161 1242 1335 1294 aruspices
1355 1243 1405 1280 ita

92 1298 400 1340 renunciaverant‚
420 1308 474 1342 ut,
500 1297 673 1335 Romanis
693 1311 763 1334 non
781 1297 1036 1342 lacessentibus,
1057 1296 1114 1335 sed
1130 1297 1404 1336 defendentibus

92 1349 176 1395 sese,
197 1352 381 1390 victoriam
406 1351 666 1403 promitterent,
724 1352 910 1396 Ceterum,
932 1351 1000 1389 sive
1032 1351 1178 1389 consilio
1198 1352 1312 1395 ducis,
1336 1349 1405 1388 ssve

93 1405 187 1449 casu,
208 1409 251 1444 ab
271 1407 341 1444 hoc
363 1411 460 1444 certe
480 1407 581 1442 initio
608 1405 787 1442 commissa
820 1419 947 1457 pugna,
968 1406 1044 1443 aliis
1063 1403 1163 1456 super
1181 1406 1270 1444 alios
1290 1407 1335 1443 ad
1356 1404 1408 1442 fe-

95 1461 242 1496 rendam
273 1458 340 1498 suis
358 1474 461 1511 opem
491 1460 658 1512 utrinque
683 1459 948 1503 advolantibus,
976 1460 1072 1497 brevi
1101 1462 1150 1508 ita
1176 1458 1324 1498 accensa
1343 1457 1407 1504 est,

95 1526 134 1552 ut
152 1515 261 1552 duces
281 1527 491 1565 cogerentur
521 1513 736 1551 descendere
757 1513 790 1550 in
813 1511 1010 1550 universum
1046 1512 1188 1551 summae
1217 1515 1266 1552 rei
1287 1513 1409 1552 discri-

95 1581 190 1606 men.
247 1567 412 1607 AEmilius
443 1567 551 1612 enim,
586 1567 738 1605 tumultu
768 1568 1057 1606 concurrentium
1084 1569 1221 1614 audito,
1243 1570 1410 1620 praetorio

95 1621 259 1672 egressus,
280 1623 463 1675 postquam
485 1635 616 1660 caecum
648 1622 822 1658 ruentium
853 1622 898 1659 ad
927 1635 1024 1660 arma
1052 1622 1223 1672 impetum
1244 1636 1412 1662 revocare

95 1687 155 1714 aut
175 1675 290 1715 sistere
318 1691 384 1716 nec
404 1677 508 1715 facile
527 1689 593 1714 nec
612 1687 726 1714 tutum
754 1676 952 1721 videbatur,
983 1677 1155 1714 utendum
1175 1677 1302 1715 ardore
1320 1678 1412 1716 mili-

97 1741 186 1773 tum,
211 1736 243 1770 &
261 1730 377 1770 casum
397 1732 432 1769 in
449 1730 669 1768 occasionem
699 1734 908 1767 vertendum
926 1730 1074 1782 putavit.
1135 1731 1270 1769 Educit
1293 1732 1414 1783 itaque

97 1785 218 1836 copias
237 1785 371 1831 casttis,
402 1789 434 1824 &
469 1786 612 1823 ordines
640 1785 896 1835 interequitans
932 1786 1109 1828 hortatur,
1150 1797 1187 1823 ut
1215 1787 1412 1837 expetitam

100 1851 284 1892 tantopere
311 1853 464 1892 pugnarn
490 1840 566 1891 pari
593 1841 721 1877 ardore
752 1837 984 1889 capesserent.
1043 1838 1156 1876 Simul
1180 1839 1308 1878 Nasica
1326 1854 1414 1891 prae-

100 1892 216 1932 missus
247 1896 293 1932 ad
322 1893 594 1944 explorandum,
626 1906 698 1946 quo
739 1893 774 1929 in
806 1892 894 1930 statu
928 1907 983 1931 res
1012 1892 1123 1931 essent
1143 1895 1235 1932 inter
1263 1895 1414 1946 primam

102 1948 237 1986 cientes
256 1962 422 1999 pugnam,
448 1948 640 1986 adventare
659 1946 828 1984 instruClo
849 1948 1008 1986 exercitu
1031 1946 1196 1986 Perseum
1219 1949 1412 1987 nunciavit.

104 2001 217 2040 Primi
243 2002 409 2040 Thraces
436 2003 663 2046 incedebant,
684 2003 774 2038 truci
806 2002 919 2046 vultu,
945 2015 1096 2053 corpore
1118 2015 1282 2058 procero,
1304 2003 1417 2056 splen-

104 2057 268 2095 dentibus
290 2058 379 2095 miro
395 2057 552 2095 candore
565 2056 687 2106 clipeis
703 2055 825 2092 laevam
844 2058 1005 2106 protecti.
1058 2056 1262 2096 Humerum
1284 2072 1418 2096 utrum-

104 2124 174 2161 que
195 2111 295 2161 nigra
314 2110 482 2148 vestiebat
501 2110 663 2159 chlamys
681 2123 688 2145 :
721 2113 764 2147 ab
792 2113 925 2147 dextro
945 2112 1137 2148 immanem
1158 2113 1316 2162 pondere
1345 2113 1417 2151 fra·

107 2178 223 2203 meam
263 2165 458 2203 identidem
494 2162 736 2201 coruscabant.
793 2163 905 2212 Juxta
924 2164 1088 2202 Thracas
1118 2163 1306 2204 constitere
1327 2181 1420 2205 mer-

107 2221 197 2258 cede
227 2221 405 2257 conducta
440 2219 590 2261 auxilia,
624 2215 765 2255 diverso
794 2221 886 2255 inter
906 2216 938 2256 se
971 2232 1035 2270 pro
1056 2219 1197 2257 diversis
1219 2223 1420 2259 nationibus

107 2286 243 2312 armatu
280 2274 494 2324 habituque:
527 2273 562 2309 in
601 2274 654 2308 his
694 2275 725 2308 &
773 2271 922 2310 Paeones
950 2273 1060 2310 fuere.
1112 2274 1256 2312 Subibat
1293 2289 1421 2325 agmen

109 2329 352 2367 Macedonum
386 2325 557 2379 ipsorum,
591 2339 697 2378 quarn
738 2325 999 2379 Leucaspidem
1033 2327 1245 2380 phalangem
1264 2330 1422 2381 appella·

106 2514 252 2556 propIores
271 2513 417 2542 continenti
435 2510 515 2540 litori
531 2515 621 2539 erant.
638 2507 667 2538 St
681 2506 772 2539 alibi.
823 2508 876 2547 (4)
897 2508 1083 2540 Gronovius
1097 2509 1167 2540 vult
1183 2510 1265 2548 ncntf,
1281 2510 1344 2542 five
1361 2513 1427 2550 IX,

112 2568 175 2601 pro
188 2559 250 2588 IV.
290 2556 386 2587 Certe
412 2554 606 2585 Plutarchus
628 2553 744 2585 diserte
770 2552 880 2583 scribit
898 2555 969 2596 ὧξας
988 2567 1118 2588 rviam:
1143 2555 1173 2585 δι
1188 2556 1284 2597 supra
1300 2555 1425 2591 dietum

113 2603 157 2634 est
172 2603 258 2634 diem
284 2599 451 2632 extraxisse
469 2600 502 2630 in
527 2597 660 2629 consilio
686 2598 859 2629 consulem.
885 2600 993 2630 Solent
1011 2607 1119 2630 autem
1146 2608 1228 2632 notae
1245 2603 1424 2635 numerales

114 2650 158 2679 V.
172 2649 205 2679 &
222 2649 266 2679 X.
285 2647 320 2678 in
338 2645 432 2677 Mstis
455 2643 622 2675 confundi.
671 2645 726 2683 (5)
742 2643 923 2675 Hominum
947 2643 989 2675 sc.
1017 2645 1057 2676 de
1072 2654 1164 2687 parte
1188 2647 1422 2680 Romanorum.

111 2693 170 2734 (6)
191 2692 317 2724 Scilicet
341 2691 634 2723 Macedonicorum
660 2688 863 2720 auxiliorum.
911 2690 999 2720 Mox
1019 2692 1052 2721 τό
1067 2692 1207 2722 trabentes
1231 2692 1266 2723 in
1282 2695 1429 2726 traherent

115 2738 250 2770 omino
268 2738 460 2769 mutandum
485 2735 544 2772 esl;
569 2744 698 2765 necnon
721 2743 818 2764 voces
841 2737 871 2764 id
881 2738 1040 2777 jumentum
1058 2736 1248 2769 inducenda:
1261 2738 1428 2775 videntur,

117 2793 183 2814 non
215 2792 282 2814 tarn
314 2784 402 2826 quud
431 2791 503 2814 mox
531 2778 671 2824 sequitur
695 2794 721 2812 ea
742 2783 882 2821 jumento,
909 2784 1007 2822 quim
1040 2782 1128 2822 quod
1155 2783 1427 2818 construajqnem

115 2828 310 2871 impediunt,

1438 2004 1466 2034 P
1472 2002 1540 2044 tisri
1550 2003 1633 2032 arses,
