1840 3131
309 226 344 266 L
362 225 379 265 I
398 226 429 265 B
448 224 480 264 E
499 224 537 264 R
589 222 700 263 XLI.
754 221 790 262 C
809 222 846 262 A
864 221 912 263 P.
957 221 1074 262 XIX.
1128 223 1382 280 (XXIII.)
1674 236 1726 280 27

172 351 272 389 crat,
292 343 329 381 8<
355 342 395 381 id
413 340 507 381 anni
525 351 687 395 tempus
709 341 930 396 elegerant,
953 349 998 379 ut
1018 340 1198 382 Thraces
1220 341 1502 397 Scordiscique

174 399 214 438 in
240 399 338 440 fines
356 400 447 440 suos
467 400 636 440 abirent.
670 401 780 453 quod
819 398 888 438 ubi
930 398 984 438 ita
1020 399 1197 449 sactum,
1232 405 1268 442 ev
1297 402 1398 441 solos
1417 404 1502 457 jam

173 458 246 497 effe
269 458 482 499 Bastarnas
512 458 745 506 audierunt,
777 454 964 497 bifariam
989 457 1176 498 dividunt
1214 460 1376 513 copias:
1412 475 1502 513 pars

174 527 218 556 ut
239 516 354 557 recto
377 517 519 557 itinere
541 519 588 557 ad
608 517 879 557 lacessendum
897 530 945 554 ex
964 528 1102 570 aperto
1118 518 1222 566 iret3
1254 533 1360 572 pars,
1386 521 1503 558 devio

174 574 272 614 saltu
320 576 624 627 circumducta,
671 575 720 615 ab
757 584 872 630 tergo
906 578 1209 629 aggrederetur.
1289 576 1501 625 Ceterum,

170 633 406 688 priusquam
436 634 652 675 circumire
681 633 809 674 castra
850 632 1029 672 hostium
1070 636 1238 689 possent,
1272 646 1501 691 pugnatum

171 692 258 741 est;
293 693 473 747 vic'tique
510 692 695 733 Dardani
716 692 1020 746 compelluntur
1050 693 1091 732 in
1111 693 1270 744 urbem,
1304 710 1394 748 quae
1415 695 1502 735 fere*

169 751 388 791 duodecim
410 752 537 793 millia
556 751 606 792 ab
628 751 765 792 castris
786 750 1072 791 Bastarnarum
1095 752 1244 793 aberat.
1307 753 1500 794 victores

171 810 387 850 confestim
425 810 715 852 circumsidunt
733 812 795 864 (4)
842 807 1000 859 urbem,
1032 811 1140 851 haud
1179 810 1301 852 dubie
1339 812 1499 866 postero

171 868 235 909 die
258 879 326 909 aut
345 880 456 909 metu
478 869 675 910 dedituris
694 868 731 909 se
747 867 946 917 hostibus,
969 880 1038 909 aut
1055 871 1093 909 vi
1112 871 1397 925 expugnaturi.
1431 871 1500 910 In-

170 928 289 968 terim
307 928 596 969 Dardanorum
610 929 733 968 altera
749 941 1011 980 manus,quae
1027 928 1309 969 circumducta
1328 930 1500 985 erat‚ig-

170 1001 267 1027 nara
284 987 409 1028 cladis
427 986 742 1039 suorum,castra
754 985 1043 1027 Bastarnarum
1062 987 1141 1027 sine
1158 988 1341 1042 praesidio
1359 989 1498 1029 relicta

177 1048 299 1096 [nullo
317 1049 461 1098 negotio
489 1050 595 1099 cepi:-
617 1045 811 1090 Bastarnae,
841 1048 939 1084 omni
964 1052 995 1085 ἃ
1029 1060 1230 1086 commeatu
1264 1053 1295 1087 ὃ(
1331 1063 1496 1100 apparatu
1519 1043 1622 1086 Suppl.

174 1103 319 1146 bellico,
348 1104 408 1151 qui
436 1104 472 1139 in
492 1103 615 1141 castris
633 1101 761 1146 fuerat,
779 1101 892 1142 exuti,
915 1116 1024 1153 quum
1045 1106 1118 1153 ejus
1140 1104 1325 1154 reparandi
1346 1104 1496 1142 facultas

172 1170 220 1194 ex
236 1156 354 1194 hostili
384 1158 543 1207 regione,
574 1161 607 1194 δε
645 1156 772 1194 infesto
802 1167 964 1206 tempore
997 1159 1094 1202 anni,
1124 1159 1219 1195 nulla
1240 1157 1338 1201 effer,
1368 1160 1498 1208 patrias

172 1211 274 1249 sedes
296 1223 453 1262 repetere
474 1212 681 1250 statuerunt.
739 1211 868 1261 Itaque
900 1212 946 1248 ad
981 1211 1108 1249 Istrum
1144 1212 1293 1261 regreffi,
1325 1227 1394 1249 non
1427 1212 1498 1251 fine

173 1267 309 1315 ingenti
326 1265 446 1303 laetitifi
463 1266 595 1304 flumen
617 1263 690 1303 alta
709 1277 918 1303 concretum
940 1265 1052 1315 glacie
1066 1265 1308 1310 offenderunt,
1324 1281 1401 1317 quce
1421 1268 1500 1305 nul-

176 1322 247 1359 lum
268 1333 358 1358 onus
394 1320 551 1358 recusare
570 1320 762 1358 videretur.
822 1320 964 1357 Verum
998 1320 1226 1357 incumbente
1254 1321 1496 1359 festinantium

172 1375 277 1426 seque
295 1375 396 1414 cursu
424 1374 743 1425 agglomerantium
770 1374 957 1411 hominum
978 1387 1019 1411 ac
1034 1376 1277 1425 jumentorum
1300 1387 1377 1412 t0to
1399 1374 1497 1414 simul
1519 1371 1674 1410 Bastar'h2

171 1430 328 1480 agmine,
355 1430 489 1480 glacies
508 1428 569 1467 sub
600 1425 773 1465 immenso
801 1429 961 1478 pondere
998 1426 1164 1466 fatiscens
1193 1426 1307 1466 subito
1341 1430 1497 1476 dissiluit,
1517 1418 1595 1493 ἔβη)
1608 1419 1705 1458 abstr-

173 1482 442 1537 universumque
477 1497 622 1534 agmen,
652 1484 751 1534 quod
782 1484 844 1519 diu
873 1481 1092 1525 sustitiuerat‚
1123 1486 1250 1521 mediis
1288 1486 1498 1534 gurgitibus,
1534 1470 1625 1493 entur.

170 1540 263 1577 victa
281 1541 428 1578 tandem
450 1545 481 1578 ἃ
508 1537 743 1580 comminuta,
771 1535 942 1575 destituit.
1002 1537 1152 1575 Plurimi
1174 1537 1288 1576 statim
1305 1541 1499 1578 vorticibus

171 1595 284 1633 hausti
301 1593 393 1632 sunt.
451 1593 592 1632 Multos
608 1601 755 1639 enatare
776 1604 948 1630 conantes
970 1592 1094 1631 crustae
1124 1592 1295 1631 dissolutae
1324 1593 1499 1644 fragmina

171 1647 418 1700 superinducta
435 1647 643 1686 merserunt.
706 1646 819 1685 Pauci
836 1661 884 1684 ex
897 1648 996 1685 omni
1014 1647 1148 1699 populo
1164 1662 1226 1699 per
1247 1660 1434 1701 utramque
1454 1651 1500 1687 ri-

168 1717 248 1756 pam
269 1705 333 1742 vix
349 1703 499 1742 concifls
518 1701 707 1741 visceribus
724 1699 927 1741 evaserunt.

225 1758 411 1807 (XXIV.)
442 1753 512 1796 Per
531 1771 572 1795 ea
599 1768 760 1808 tempora
782 1758 1006 1802 Antiochus,
1035 1756 1167 1808 Magni
1188 1758 1368 1796 Antiochi
1392 1758 1497 1806 silius,
1519 1776 1675 1809 Antforhus

169 1815 229 1865 qui
245 1814 305 1851 diu
330 1811 456 1851 Romae
476 1812 576 1850 obses
594 1811 722 1856 fuerat,
737 1824 878 1850 mortuo
901 1813 1052 1850 Seleuco
1072 1812 1194 1856 fratre,
1217 1813 1329 1864 Syriae
1349 1827 1498 1863 regnum
1519 1836 1572 1855 rex
1587 1824 1691 1864 Syriae„

169 1868 367 1919 occupavit.
398 1869 565 1919 Namque
587 1867 774 1911 Seleucus,
793 1881 898 1919 quem
919 1867 1150 1917 Philopatora
1170 1867 1293 1905 Graeci
1310 1865 1505 1914 vocavere,'

169 1937 278 1975 quum
299 1923 453 1974 paternis
476 1922 638 1960 cladibus
667 1922 796 1960 frattas
827 1923 1024 1960 admodum
1054 1923 1163 1973 Syriae
1193 1936 1278 1973 opes
1299 1922 1499 1974 accepiffec,

169 1977 247 2029 post
283 1976 436 2016 otiosum
467 1976 639 2028 nullisque
675 1977 873 2015 admodum
906 1978 1010 2014 rebus
1039 1978 1149 2027 gestis
1180 1978 1405 2015 nobilitatum
1433 1992 1498 2015 an-

170 2046 297 2071 norum
318 2033 511 2070 duodecim
549 2045 714 2081 regnum,
748 2033 844 2070 hunc
879 2032 1054 2069 minorem
1085 2043 1169 2069 natu
1197 2031 1359 2076 fratrem,
1399 2032 1500 2070 misso

174 2087 330 2125 Romam
356 2089 390 2124 in
410 2089 486 2138 ejus
506 2086 626 2124 locum
648 2086 722 2123 filio
747 2085 807 2124 suo
827 2086 1036 2131 Demetrio,
1056 2087 1251 2131 revocavit,
1278 2101 1322 2125 ex
1352 2087 1499 2126 soederis

169 2142 319 2193 legibus,
357 2156 430 2193 quo
469 2140 596 2179 mutari
635 2141 835 2179 identidem
869 2140 1008 2178 obfides
1045 2142 1244 2192 oportebat.
1321 2142 1401 2180 Vix
1439 2142 1498 2180 ille

167 2197 338 2234 Athenas
364 2207 586 2248 pervenerat,
606 2209 715 2247 quum
739 2195 910 2234 Seleucus
929 2194 1062 2234 insidiis
1082 2195 1299 2241 Heliodori‚
1329 2198 1429 2235 unius
1449 2211 1499 2234 ex

167 2252 383 2303 purpuratis,
418 2250 596 2302 oppressus
620 2250 764 2288 interiit.
824 2250 940 2288 Hunc
978 2264 1127 2300 regnum
1165 2248 1392 2290 affectantem
1425 2251 1500 2289 Eu-

167 2320 289 2345 menes
309 2308 340 2342 &
362 2306 504 2343 Attalus
523 2305 752 2355 expulerunt,
782 2306 1077 2357 induxeruntque
1098 2307 1133 2343 in
1160 2306 1234 2356 ejus
1258 2305 1498 2357 poss'essionem

167 2361 404 2405 Antiochum,
425 2374 528 2411 quem
545 2359 604 2397 fibi
621 2361 692 2399 hoc
705 2370 806 2397 tanto
819 2359 996 2397 beneficio
1013 2360 1217 2398 devinctum
1235 2363 1365 2398 habere
1380 2363 1499 2411 magni

166 2415 394 2454 aestimabant.
425 2417 505 2464 Jam
526 2416 621 2451 enim
641 2416 688 2452 ob
708 2412 876 2465 quasdam
897 2413 1167 2453 offensiunculas
1192 2411 1366 2466 suspectos
1387 2414 1499 2455 habe-

167 2471 253 2509 bant
277 2470 473 2507 Romanoa.
533 2468 674 2507 Eorum
694 2469 839 2507 auxiliis
870 2482 981 2519 regno
1008 2469 1143 2520 potitus
1173 2469 1377 2508 Antiochus
1397 2483 1498 2510 tanto
1647 2506 1653 2512 .

167 2523 380 2577 populorum
399 2524 530 2573 gaudio
550 2534 724 2574 exceptus
752 2522 816 2568 est,
853 2534 889 2561 ut
909 2525 940 2560 ei
965 2537 1166 2574 cognomen
1188 2524 1386 2564 indiderint
1407 2527 1500 2578 Epi·
1516 2507 1720 2583 fsgzzmjnlz-

165 2581 287 2632 phani‚
308 2579 420 2631 quod,
442 2591 551 2630 quum
584 2577 690 2616 alieni
706 2591 726 2615 a
745 2575 850 2629 stirpe
876 2576 973 2629 regia
1003 2591 1151 2629 regnum
1182 2578 1406 2626 invaderent,
1428 2580 1498 2632 ipse
1517 2566 1574 2629 ‚³2³
1612 2558 1681 2593 pp'

1396 2647 1498 2675 avitae

167 2746 381 2789 labere-fedus,
402 2748 475 2788 quod
486 2747 512 2776 ei
528 2758 588 2777 cum
604 2746 742 2777 Romanis
762 2746 836 2789 fft,
858 2747 952 2777 videri
969 2747 1067 2791 pfft.
1110 2746 1168 2789 (4)
1184 2746 1289 2789 Supra
1305 2746 1328 2779 l.
1346 2757 1375 2787 9.
1395 2757 1422 2779 c.
1442 2756 1480 2778 21

140 2813 146 2817 -
166 2794 306 2826 Plinium
321 2793 374 2837 ¹1⁵st
377 2794 470 2836 socios
483 2793 677 2827 Romanorum
688 2793 890 2837 eircumstdunt.
908 2793 939 2825 δι
952 2792 973 2826 l·
988 2793 1043 2834 363
1063 2803 1092 2826 c,
1111 2802 1123 2824 1
1133 2802 1162 2832 3.
