1830 3131
213 230 233 266 ἶ...)

242 232 265 267 (ἢ

706 230 937 270 1311)

182 230 203 266 ζ.)

287 350 376 406 ejus
409 362 505 392 cum
541 353 589 394 P.
629 355 756 396 Villio
788 358 824 395 Ξ(
860 358 906 397 P.

234 410 426 463 Scipione
463 411 662 454 Africano
710 417 908 470 colloqui-

228 483 316 517 um,
341 481 488 510 xxxv.
518 486 580 522 14.
619 485 785 526 propter
823 476 909 515 col-

226 528 364 580 loquia
386 544 481 569 cum
523 532 647 572 Villio
684 532 909 586 suspeous,

229 586 268 626 se
290 588 396 640 apud
435 589 690 630 Antiochum
727 593 909 633 oratione

226 655 389 700 purgat,
419 661 484 698 ¹9·

285 704 375 758 ejus
408 707 457 746 de
478 706 585 747 bello
607 708 799 749 Romano
820 725 911 751 ora-

227 763 302 815 tio,
323 766 482 804 xxxvi.
507 779 542 819 7.
587 781 681 806 eum
708 779 749 806 ut
772 782 904 809 vatem

226 823 427 871 omnium,
467 838 525 877 qu
540 842 563 865 e
583 839 816 876 evenerant,
837 831 907 868 ad-

226 880 398 922 miratur
422 882 671 931 Antiochus,
702 897 763 934 15.

281 938 505 993 praeficitur
519 942 638 991 είὶίῑι,
659 956 742 981 ΧΧ.
735 958 758 982 v
767 944 831 984 vii.
840 956 905 998 23.

225 997 394 1052 fugatur
414 1012 437 1038 a
457 998 648 1050 Rhodiis,
672 1014 739 1053 24.

281 1055 466 1112 profugit
499 1058 550 1098 ad
591 1060 787 1112 Prusiam,
818 1063 917 1118 cjus.

225 1127 351 1164 mors,
375 1116 544 1156 xxxix.
570 1132 590 1173 5
604 1134 640 1161 1.

171 1172 355 1214 Annibal
378 1175 556 1223 Samnis,
577 1189 699 1231 caput
716 1178 906 1221 samonis

223 1233 430 1286 popularis
451 1236 560 1290 apud
597 1237 910 1295 Carthaginien-

226 1289 302 1339 ies,
336 1292 467 1333 xlviii.
497 1308 561 1336 11.

169 1347 219 1388 L
251 1349 432 1401 Annius,
465 1364 614 1407 praetor
648 1354 908 1404 Latinorum,

230 1406 413 1449 Romam
435 1422 641 1462 evocatus,
659 1414 742 1454 viii.
766 1429 804 1468 3.
821 1416 910 1479 elus

224 1465 267 1505 in
289 1468 464 1508 concilio
484 1470 728 1512 Latinorum
764 1474 909 1522 matio,

225 1538 267 1575 4.
291 1524 332 1564 in
354 1525 490 1567 senatu
510 1529 701 1570 Romano
718 1531 909 1584 postulat,

229 1583 446 1624 nt«.consul
480 1586 580 1627 alter
603 1590 643 1629 &
677 1588 907 1629 senatorum

222 1655 316 1695 pars
337 1642 504 1687 dimidia
526 1659 548 1685 e
584 1645 620 1685 L
623 1647 704 1687 atio
746 1647 908 1687 suman-

224 1711 307 1749 tur,
347 1712 384 1752 5.
420 1702 582 1751 labitur,
609 1715 648 1744 et
680 1706 734 1745 ita
756 1705 906 1760 impin-

227 1759 338 1814 gitur
362 1760 481 1812 saxo,
503 1772 547 1802 ut
568 1762 760 1816 sopiatur,
782 1767 821 1804 6.

168 1818 222 1865 T.
262 1818 444 1869 Annius,
503 1821 690 1862 triumvir
729 1822 904 1864 coloniae

225 1875 493 1927 deducendae,
522 1880 576 1920 ob
609 1881 807 1936 Bojorum
842 1897 905 1922 re-

226 1935 491 1977 rebellionem
526 1939 736 1979 Mutinam
758 1939 906 1981 confu-

227 2003 301 2048 git,
326 1995 422 2035 xxi.
441 2009 509 2050 25.

170 2054 227 2096 T.
248 2051 413 2094 Annius
436 2054 609 2107 Luscus,
642 2065 807 2110 praetor,
831 2057 907 2097 xli.
946 2096 950 2101 ,

227 2122 297 2153 22.
318 2113 474 2167 legatus
495 2115 546 2154 ad
581 2128 645 2155 res
667 2116 907 2167 repetendas

227 2168 269 2209 in
307 2171 596 2213 Macedoniam
633 2173 787 2222 miffus,
817 2175 907 2215 xlii.

229 2238 298 2279 25.
333 2229 520 2271 triumvir
556 2232 709 2272 colonis
735 2234 910 2286 Aquile-

223 2287 310 2341 jam
332 2288 597 2337 deducendis,
623 2291 729 2330 xliii.
759 2305 822 2342 19.

175 2343 372 2387 Annonae
407 2346 543 2389 habita
564 2363 661 2389 cur-:1
683 2351 846 2403 Romae,
868 2351 912 2392 ii.

235 2419 275 2455 9.
295 2419 340 2445 x.
371 2424 381 2450 ι
401 2420 436 2446 ι.

178 2462 369 2504 Annonae
392 2465 552 2516 caritas,
575 2475 696 2520 atque
719 2466 812 2508 inde
832 2477 916 2508 tnr-

236 2520 314 2569 bae,
337 2521 378 2561 ii.
402 2538 469 2577 34.
488 2525 542 2564 iv.
570 2539 649 2566 12..

179 2579 370 2620 Annonae
393 2583 536 2631 vilitas,
561 2583 695 2624 xxxi.
729 2593 796 2634 50.
825 2592 915 2623 tan-

238 2647 293 2684 ta,
319 2648 362 2676 ut
399 2651 600 2681 mercator
635 2656 709 2696 pro
750 2641 915 2682 vectura

237 2696 370 2735 nautis
406 2698 612 2752 reliquerit
642 2699 915 2750 frumentum,

1003 226 1037 268 E
1102 231 1159 271 X.

1025 370 1144 395 ΧΧΧ.
1172 361 1241 409 33.

967 416 1127 456 Annuli
1163 413 1358 469 gemmati
1379 411 1556 463 Sabinis,
1578 409 1607 454 i.
1639 429 1707 458 ιι.

1096 473 1207 513 aurei
1225 486 1351 526 quare
1370 475 1408 513 &
1428 474 1597 529 quando
1618 476 1704 517 Ro-

1022 546 1100 573 mae
1116 532 1228 587 politi
1248 531 1263 571 ?
1286 531 1342 572 ix.
1370 545 1408 585 7.
1432 533 1501 584 46.

1091 590 1319 632 occisorum
1348 591 1397 630 ad
1416 590 1578 631 Cannas
1614 592 1701 634 Ro-

1020 663 1239 690 manorum
1282 649 1470 700 detracti,
1512 650 1699 690 modium

1021 710 1208 763 explent,
1240 707 1365 748 xxiii.
1395 721 1459 749 12.

966 767 1137 807 Annulo
1146 767 1327 807 Marcelli
1344 766 1705 820 potiturAnnibal‚

1020 839 1153 881 eoque
1170 825 1317 866 frustra
1334 826 1383 866 ad
1400 823 1588 865 fraudem
1603 826 1703 867 abu-

1022 884 1051 923 ti
1072 896 1258 935 conatur,
1282 883 1416 924 xxvii.
1439 887 1510 925 28.

963 943 1114 983 Annus
1155 959 1175 983 a
1215 944 1352 982 Numa
1393 940 1597 996 Pompilio
1647 942 1696 983 ad

1017 1002 1179 1042 cursum
1217 1002 1346 1041 Lunae
1398 1000 1439 1040 in
1482 1000 1702 1041 duodecim

1018 1060 1175 1101 menses
1198 1059 1439 1113 descriptus,
1461 1059 1488 1100 i.
1521 1072 1584 1112 ¹9·

965 1118 1082 1159 Anni
1105 1118 1326 1159 consularis
1349 1117 1594 1172 principium
1619 1116 1703 1158 Ka-

1019 1179 1149 1218 lendae
1189 1175 1387 1220 Sextiles,
1421 1176 1479 1217 iii.
1519 1178 1561 1215 6.
1601 1175 1703 1218 Idus

1020 1237 1160 1291 Majae,
1176 1235 1230 1275 iii.
1250 1237 1317 1286 36.
1331 1238 1399 1285 38.
1417 1235 1513 1275 Idus
1523 1237 1700 1277 Decem-

1020 1294 1126 1342 bres,
1163 1295 1216 1335 iv.
1251 1306 1319 1347 37.
1350 1308 1386 1334 v,
1424 1308 1462 1346 9.
1501 1294 1700 1335 Kalendae

1019 1353 1239 1402 Octobres,
1299 1368 1336 1392 v·
1394 1365 1432 1404 9.
1497 1353 1699 1394 Kalendae

1021 1412 1243 1468 Quintiles,
1259 1426 1299 1451 v.
1324 1410 1493 1465 32.viii.
1517 1424 1582 1454 20.
1601 1411 1701 1452 Idus

1020 1472 1204 1520 Martiae,
1228 1470 1343 1510 xxii.
1373 1483 1408 1510 1.

963 1530 1185 1569 Annorum
1227 1529 1397 1580 indices,
1439 1529 1556 1577 clavi,
1588 1526 1698 1583 apud

1019 1587 1326 1637 Volfinios‚v1i.
1352 1599 1393 1636 3.
1410 1589 1492 1628 vid.
1516 1588 1686 1628 Clavus.

961 1645 1224 1700 Anquifitum
1242 1646 1400 1700 capitis,
1421 1644 1464 1685 ii.
1484 1658 1551 1701 52.
1571 1644 1696 1685 xxvi.

1018 1717 1060 1756 3.
1078 1703 1279 1759 pecuniae,
1301 1703 1388 1743 ibid.

959 1764 1136 1805 Anseres
1167 1762 1321 1815 Junoni
1353 1760 1467 1812 sacri,
1502 1760 1696 1817 Capitolii

1015 1822 1250 1870 servatores,
1270 1835 1310 1861 v.
1333 1832 1403 1874 47.

960 1882 1234 1923 Antemnates
1279 1881 1458 1921 Romam
1493 1877 1542 1916 ad
1576 1878 1695 1920 ludos

1015 1937 1345 1994 proficiscuntur,
1391 1936 1419 1976 i.
1466 1949 1505 1986 9.
1539 1934 1695 1977 bellum

1016 2007 1161 2052 parant
1174 1996 1229 2037 ob
1242 2007 1405 2051 raptum
1419 1994 1612 2044 filiarum,
1631 2008 1694 2038 10.

1016 2057 1199 2110 palantes
1234 2055 1277 2095 in
1311 2054 1418 2110 agris
1453 2052 1694 2108 opprimun·

1012 2126 1095 2164 tur,
1125 2128 1188 2158 11.

958 2175 1148 2214 Antenor
1183 2172 1389 2229 Trojanus
1424 2184 1520 2212 cum
1554 2170 1695 2210 multi-

1017 2232 1159 2272 tudine
1183 2233 1396 2272 Henetum
1422 2229 1532 2270 venit
1559 2227 1608 2268 in
1645 2229 1691 2269 si-

1015 2305 1116 2330 num
1144 2288 1456 2338 Adriaticum,
1446 2301 1545 2328 1.1

963 2349 1170 2399 Antenor,
1194 2348 1420 2403 praefeems
1441 2345 1572 2388 claffis
1593 2343 1690 2386 Ma-

1017 2407 1241 2457 oedouicae,
1265 2406 1364 2447 xliv.
1401 2408 1471 2447 28.
1500 2405 1588 2445 xlv.
1617 2415 1684 2445 ιο.

1025 2481 1092 2520 31.

965 2523 1165 2565 Antefixa
1204 2523 1346 2565 fiffilia
1373 2522 1563 2564 Deorum
1596 2517 1686 2559 Ro-

1019 2597 1253 2632 manorum,
1269 2596 1412 2622 xxxiv
1447 2595 1486 2633 4.

963 2640 1226 2694 Antepilani
1216 2654 1258 2680 m
1275 2639 1435 2690 militia,
1449 2637 1532 2679 viii.
1557 2639 1597 2678 8

964 2698 1235 2756 Antelignani
1267 2697 1495 2756 legionum,
1528 2694 1573 2735 ii
1613 2705 1684 2736 20

1616 2752 1685 2792 vii
