1830 3131
834 179 1199 223 EPITOME.

815 332 850 373 L
875 332 893 372 1
919 332 955 372 B
984 331 1064 373 RI
1129 332 1245 373 LIV.

379 422 475 508 Q.
507 450 722 506 Pompeius
751 448 889 490 consul
922 448 962 488 in
995 448 1191 503 Hispania
1219 448 1499 490 Termestinos
1521 445 1691 502 subegit.

375 524 472 550 cum
493 510 640 550 eisdem
663 511 703 550 δε
741 507 1008 548 Numantinis
1049 521 1188 560 pacem
1231 507 1280 548 ab
1311 507 1546 549 infirmitate
1578 505 1690 548 fecit.

375 569 569 614 Lustrum
603 583 624 608 a
667 566 899 608 censoribus
940 566 1153 607 conditum
1203 566 1273 608 est.
1357 567 1489 609 censa
1539 564 1692 606 civium

375 628 507 681 capita
529 636 709 668 trecenta
741 625 881 683 viginti
902 625 999 666 οξὶτο
1021 624 1162 674 millia,
1194 625 1490 681 quadringenta
1519 625 1694 678 quadra-

374 686 485 741 ginta
523 687 617 726 duo.
682 686 825 741 Quum
861 684 1141 725 Macedonum
1178 683 1299 739 legati
1335 683 1602 739 conquestum
1641 683 1692 723 de

374 744 429 784 D.
467 745 592 798 Junio
625 744 765 784 Silano
799 757 870 797 pra
885 752 971 783 tore
995 743 1205 794 venifl‘ent‚
1239 742 1351 796 quod
1372 742 1549 798 acceptis
1571 756 1694 796 pecu-

375 803 451 843 niis
482 803 733 857 provinciam
767 800 976 856 spoliasset,
1014 804 1054 842 ὃς
1078 801 1234 841 senatus
1263 801 1313 841 de
1355 800 1530 856 querelis
1550 814 1694 846 eorum

375 863 497 901 vellet
519 861 794 917 cognoscere3
829 860 882 901 T.
909 860 1092 901 Manlius
1122 860 1379 913 Torquatus,
1416 868 1531 914 pater
1551 858 1696 906 Silani,

375 921 508 974 petiit,
544 919 873 974 impetravitque,
909 927 954 957 ut
987 918 1056 959 fibi
1088 918 1269 973 cognitio
1308 919 1591 959 mandaretur:
1637 919 1696 966 &,

376 976 486 1019 domi
517 979 638 1019 causa
666 977 844 1032 cognita,
877 975 1008 1016 filium
1037 977 1339 1026 condemnavit,
1376 975 1695 1029 abdicavitque;

375 1051 422 1078 ac
444 1050 493 1076 ne
517 1035 650 1076 funeri
673 1037 838 1093 quidem
861 1036 948 1091 ejus
971 1038 1113 1090 (quum
1137 1035 1353 1089 suspendio
1374 1036 1500 1076 vitam
1531 1033 1696 1088 fin'iffet)

376 1093 592 1151 interfuit3
635 1094 778 1135 sedens
807 1108 853 1135 ue
890 1094 1003 1135 domi
1032 1093 1272 1149 potestatem
1304 1093 1626 1135 consultantibus
1646 1106 1697 1143 ex

376 1153 560 1195 instituto
592 1153 705 1194 fecit.
816 1152 994 1194 ,Fabius
1017 1152 1233 1207 proconsul
1263 1152 1385 1205 rebus
1421 1152 1463 1192 in
1499 1151 1698 1206 Hispania

376 1212 566 1269 prospere
587 1213 706 1268 gestis
729 1211 861 1252 labem
892 1210 1100 1264 imposuit,
1121 1225 1219 1266 pace
1241 1225 1336 1252 cum
1358 1210 1549 1252 Viriatho
1569 1209 1700 1264 aequis

378 1272 683 1313 conditionibus
721 1269 843 1311 facta.
907 1269 1126 1310 Viriathus
1159 1285 1181 1309 a
1214 1269 1505 1324 proditoribus,
1532 1267 1699 1309 consilio

378 1330 539 1371 Servilii
555 1330 779 1385 Caepionis,
801 1327 1139 1378 interfe&us'est,
1161 1329 1199 1368 δι
1223 1328 1272 1368 ab
1293 1327 1477 1368 exercitu
1497 1326 1569 1368 suo
1593 1326 1700 1367 mul-

379 1394 469 1430 tum
492 1391 784 1444 comploratus,
807 1402 854 1430 ac
875 1387 1066 1428 nobiliter
1083 1386 1290 1441 sepultus3
1312 1387 1373 1427 vir
1394 1388 1564 1440 duxque
1586 1399 1701 1450 mag-

380 1462 472 1495 nus,
501 1450 539 1488 3<
573 1462 645 1501 per
666 1446 975 1502 quatuordecim
1013 1460 1158 1493 annos,
1188 1445 1340 1502 quibus
1370 1459 1467 1488 cum
1498 1444 1703 1496 Romanis.

379 1507 532 1565 bellum
551 1505 681 1565 geffit,
703 1501 960 1563 frequentius
984 1503 1179 1559 superior.

855 1626 1075 1668 LlBRI
1144 1628 1239 1680 ΙΝ.

382 1716 468 1792 P.
500 1746 807 1789 CORNELIO
831 1746 978 1787 Nasica
1031 1746 1098 1788 cui
1130 1760 1362 1802 cognomen
1394 1746 1491 1793 Sera
1524 1746 1592 1788 ion
1624 1745 1705 1791 fuit

381 1803 431 1857 ab
463 1807 654 1847 irridente
678 1803 863 1857 Curiatio
886 1805 1052 1846 tribuno
1069 1805 1199 1860 plebis
1221 1805 1469 1863 impositum,
1505 1847 1511 1855 a
1552 1805 1608 1851 D.
1631 1805 1707 1858 Ju-

381 1865 451 1902 nio
487 1866 617 1907 Bruto
640 1863 872 1905 consulibus
893 1863 1101 1905 delefifflm
1132 1858 1392 1913 habentibus,
1412 1865 1454 1904 in
1483 1861 1706 1919 conspeetu

381 1923 562 1965 tironum
583 1938 646 1965 res
661 1922 910 1964 saluberrimi
928 1922 1107 1977 exempli
1129 1921 1239 1962 faeta
1255 1921 1312 1962 est
1333 1936 1343 1962 :
1367 1936 1463 1963 nam
1481 1922 1531 1964 C.
1554 1921 1709 1963 Matie-

382 1994 459 2020 nus
497 1983 705 2024 accusatus
728 1980 785 2022 est
819 1982 927 2035 apud
950 1981 1131 2022 tribunos
1161 1980 1305 2035 plebis,
1334 1980 1448 2035 quod
1480 1980 1708 2022 exercitum

382 2039 424 2077 in
453 2041 648 2095 Hispania
681 2039 938 2093 deseruissem
972 2039 1288 2095 damnatusque,
1308 2038 1380 2080 sub
1401 2038 1517 2080 furca
1538 2038 1607 2080 diu
1629 2040 1709 2078 vir·-

382 2100 444 2153 gis
465 2099 589 2140 caesus
610 2099 685 2148 est,
720 2100 760 2140 &
794 2097 973 2139 sestertio
1009 2112 1181 2139 nummo
1215 2097 1355 2140 veniit.
1416 2096 1594 2139 Tribuni
1624 2097 1711 2160 ple-

382 2157 462 2207 bis,
494 2158 591 2212 quia
622 2171 707 2198 non
738 2156 1020 2212 impetrarent,
1053 2167 1098 2198 ut
1139 2155 1209 2212 fibi
1239 2157 1386 2208 denos,
1417 2170 1521 2211 quo-s
1542 2155 1708 2204 vellent,

381 2215 532 2266 milites
552 2216 733 2257 eximere
756 2215 910 2266 liceret,
931 2216 1116 2257 consules
1150 2209 1191 2256 in
1228 2228 1434 2268 carcerem
1464 2214 1562 2270 duci
1586 2212 1710 2270 jusse-

382 2275 491 2317 runt„
555 2275 702 2328 Junius
735 2273 889 2316 Brutus
912 2274 1052 2322 consul
1073 2274 1116 2314 in
1132 2270 1332 2327 Hispania
1354 2273 1417 2322 iis,
1453 2267 1524 2328 qui
1540 2272 1611 2314 sub
1632 2265 1711 2323 Vi-

382 2329 516 2383 tiath'o
533 2333 819 2379 militaverant,
843 2347 961 2388 agros
993 2337 1035 2376 &
1056 2331 1254 2387 oppidum
1276 2331 1403 2382 dedit,
1422 2331 1533 2386 quod
1556 2330 1711 2371 Valen-

384 2393 440 2433 tia
460 2386 649 2441 v'ocatum
671 2391 743 2433 est.
776 2391 843 2432 M.
865 2383 1062 2447 Popillius
1079 2405 1106 2433 a
1127 2389 1412 2447 Numantinis,
1433 2389 1532 2444 curn
1558 2378 1710 2448 quib—ps

385 2449 529 2505 pacem
552 2451 705 2502 faffitam
727 2449 888 2492 senatus
920 2447 1076 2492 irritam
1109 2448 1197 2489 fieri
1232 2448 1457 2506 censuerat]
1482 2461 1580 2503 cum
1593 2448 1714 2501 exer-¹

386 2509 470 2550 citu
498 2508 615 2550 ‘fusus
647 2508 893 2565 fugatusque
914 2502 984 2549 est.
1029 2501 1097 2550 'C.
1122 2501 1300 2549 Hostilio
1328 2504 1527 2565 Mancino
1543 2504 1708 2557 consule

388 2567 677 2616 sacrificantes
705 2568 808 2622 pulli
839 2581 889 2607 ex
936 2563 1058 2607 cavea
1089 2567 1368 2607 evolaverunt.
1421 2562 1713 2606 conscendenti

388 2625 535 2666 deinde
572 2626 724 2676 navim,
761 2635 807 2666 ut
841 2625 883 2665 in
917 2624 1158 2680 Hispaniam
1194 2623 1533 2678 proficisceretur,
1563 2620 1713 2661 accidi-t

389 2683 486 2738 voit,
516 2683 660 2736 Mane,
688 2684 902 2743 Manhcine:
943 2697 1036 2740 quae
1057 2682 1233 2742 auspicia
1253 2681 1379 2723 tristia
1399 2680 1529 2728 fuiffe,
1560 2681 1712 2780 {ventu

464 2746 466 2749 ’
658 2755 661 2757 ’
1141 2751 1143 2754 ’
1491 2751 1565 2795 pro
1596 2746 1711 2791 autum-⁴
