1794 3121
730 180 1168 223 INDEX.

292 307 416 363 spolia
439 306 618 348 hostium
635 306 783 358 dicata,
800 307 886 348 xlv.

226 379 294 420 33·

163 422 348 466 him-tem
387 423 561 465 Romuli
597 427 634 466 ἃ
670 424 793 464 Remi
822 439 891 479 pa-

223 494 329 524 trem
346 495 558 539 nuncupat
576 484 697 524 Rhea
710 483 849 533 Silvia,
865 482 892 524 i.

224 554 264 591 4.

166 601 343 644 Martius
365 615 551 656 campus,
574 600 599 641 i.
617 612 684 654 44,
704 600 783 640 fuit
800 612 895 654 ager

230 660 572 714 'I'arquiniorum,
609 659 696 715 post
727 673 797 699 eos
819 672 897 698 ex-

228 717 364 773 pulsos
387 719 645 760 consecratus
680 717 823 768 Marti,
855 717 896 758 ii.

231 788 268 828 5.
294 778 375 818 vid.
407 779 459 821 &³
481 778 532 818 vi.
551 790 622 821 20.

168 835 373 878 Martiaiis
392 837 556 879 flamen.
578 836 656 877 vid.
680 836 867 877 Flamen.

169 895 297 937 Marfi
330 897 488 951 populi,
511 896 592 936 viii.
615 904 657 938 6.
680 895 793 936 xxvi.
832 908 897 936 11.

227 954 439 1004 deficiunt,
484 955 547 996 ix.
591 968 663 1007 41.
701 964 899 1004 oratores,

228 1028 372 1068 pacem
390 1024 590 1068 petentes,
609 1013 790 1053 Romam
806 1013 901 1053 mit-

228 1082 340 1123 tunt,
355 1087 425 1127 43.
446 1073 492 1114 iis
511 1073 649 1113 foedus
668 1072 899 1123 daturjbicl.

228 1131 442 1182 rebellant,
464 1132 747 1182 vi·ncu11tur‚&
767 1131 901 1172 mulc-

231 1201 384 1241 tantur,
421 1206 466 1234 Χ.
506 1205 544 1246 3.
570 1191 830 1231 devastantur
852 1190 901 1229 ab

232 1250 455 1294 Annibale.
480 1251 581 1290 xxii.
613 1265 654 1304 9.
694 1251 793 1289 dant
815 1248 905 1288 Sci-

231 1309 345 1364 pioni
386 1311 538 1351 multos
573 1310 824 1354 voluntarios
860 1308 904 1353 in

230 1368 408 1419 cluffcm,
426 1368 568 1411 xxcviii.
602 1382 672 1420 43.

174 1426 410 1468 Marsorum
432 1427 596 1477 cohors,
621 1424 778 1467 xxxiii.
805 1429 873 1480 36.

177 1486 379 1543 Marsyas,
403 1487 554 1539 amnis,
590 1485 699 1526 haud
719 1486 861 1539 procul
882 1499 904 1524 a

237 1546 445 1587 Maeandri
473 1545 657 1587 fontibus
689 1544 837 1595 oritur,
861 1545 904 1585 δι’

237 1605 280 1645 in
304 1605 568 1646 Maeandrum
591 1602 716 1653 cadit,
735 1601 904 1644 xx..viii.

240 1677 308 1719 13.

176 1721 341 1767 Martiae
364 1722 583 1774 Kalendae,
613 1720 797 1763 xxxviii.
834 1731 907 1769 42.

235 1791 328 1823 ante
351 1781 460 1822 diem
498 1782 792 1823 duodecimum
823 1780 909 1820 Ka·

234 1841 376 1882 lendas
401 1841 576 1882 Martias
609 1839 778 1883 comitia
816 1838 906 1878 fue-

235 1911 335 1941 runt
403 1899 639 1941 consulibus
701 1897 910 1954 rogandis,

238 1959 324 2001 ibid.
347 1959 427 1999 vid.
455 1958 508 2001 {5
524 1959 609 1999 xlii.
632 1963 684 2000 28

180 2018 348 2062 Martiis
371 2017 512 2058 idibus
536 2017 795 2093 magistratus
831 2015 912 2056 ini-

239 2087 321 2128 tus,
344 2075 452 2117 xxii.
476 2091 513 2119 1.
549 2077 672 2117 xxiii:
690 2090 756 2131 33
784 2075 910 2115 xxvi.

246 2151 282 2178 1.
328 2136 398 2177 26.
438 2135 568 2178 xxvii
613 2150 653 2190 7.
692 2136 826 2176 xxxi.
871 2147 909 2189 5.

241 2194 911 2252 mxxii.1.xxxviii.35.xxxix.

243 2269 316 2310 45.
354 2255 410 2295 xl
451 2269 517 2310 35.
556 2255 645 2296 xlii.
696 2268 764 2298 22
814 2254 908 2295 xliv.

248 2316 316 2355 16<

185 2372 303 2416 Mafa
318 2371 407 2429 syli,
429 2372 553 2413 altera
569 2373 781 2416 Numidiae
803 2388 913 2429 pars,

245 2433 364 2487 cujus
386 2445 463 2471 rex
489 2431 568 2472 fuit
588 2433 773 2489 Syphax,
800 2433 911 2474 xxiv.

247 2495 318 2542 48.
337 2490 484 2531 xxviii.
512 2504 576 2545 17.
603 2493 718 2532 xxix.
743 2505 810 2545 32.

186 2549 400 2606 Masgaba‚
425 2550 642 2590 Mafimss'ae
662 2550 786 2601 filius,
820 2565 915 2605 pro-

248 2608 444 2650 ficiscitur
458 2609 652 2660 Romam,
677 2610 743 2649 xlv
796 2608 916 2664 13.ei

248 2667 411 2710 obviam
429 2668 606 2710 mittitur
641 2671 689 2711 L.
713 2668 916 2719 Manlius,

1587 186 1673 240 489

1008 305 1199 359 quaestor,
1240 306 1313 362 qui
1353 321 1449 349 eum
1492 308 1672 349 Romam

1006 364 1172 418 publico
1224 365 1361 406 sumtu
1413 368 1676 422 perduceret,

1006 423 1096 462 ibid.
1140 424 1230 479 ejus
1265 424 1303 464 in
1347 425 1488 466 senatu
1528 427 1677 479 oratio,

1008 481 1094 521 ibid.
1118 483 1321 523 eiciantur
1342 498 1527 534 munera,
1557 501 1619 538 14.

954 540 1177 590 Mafiniffa,
1228 541 1338 582 filius
1390 543 1525 593 Galae,
1574 545 1682 600 regis

1011 600 1294 641 Numidarum
1393 602 1681 658 Maffyiorum,

1011 659 1136 700 vincit
1171 659 1421 716 Syphacem,
1460 662 1570 702 xxiv.
1608 666 1679 715 48.

1015 731 1090 772 49·

1075 776 1206 818 socius
1274 777 1687 835 Carthaginiensium,

1015 835 1173 892 ingenti
1206 838 1388 878 tumultu
1412 837 1550 879 turbat
1571 852 1687 880 exer·

1016 895 1147 936 citum
1205 896 1257 937 P.
1300 896 1520 952 Scipionis,
1572 911 1683 939 xxv.

1019 967 1091 1009 34-

1077 1013 1687 1065 conciliaturRomanis,xxviii.

1020 1075 1080 1115 16.
1096 1073 1311 1114 Masiniffae
1329 1080 1364 1116 f&
1386 1074 1590 1129 Scipionis
1605 1076 1689 1115 col-

1018 1133 1221 1188 loquium,
1261 1143 1330 1187 35.
1373 1131 1453 1173 fide
1493 1135 1589 1174 data
1623 1149 1690 1175 ac-

1020 1202 1221 1248 ceptaque
1243 1191 1472 1241 discedunt,
1494 1194 1581 1235 ibid.

1080 1251 1266 1306 queritur
1297 1251 1407 1306 apud
1429 1251 1606 1293 Laelium
1629 1253 1692 1294 ni-

1020 1312 1145 1351 miam
1203 1310 1405 1364 Scipionis
1458 1311 1693 1353 cunctatio-

1021 1384 1135 1421 nem,
1185 1373 1319 1409 xxix,
1371 1384 1412 1420 4.
1455 1371 1611 1412 accedit
1643 1373 1695 1413 ad

1027 1429 1280 1483 Scipionem,
1337 1441 1407 1482 29.
1466 1430 1574 1470 varia
1606 1429 1692 1471 for-

1024 1500 1126 1527 tuna
1163 1486 1204 1526 in
1244 1485 1472 1528 amittendo
1503 1502 1696 1544 recuper-

1024 1547 1215 1601 andoque
1256 1556 1429 1600 paterno
1469 1561 1597 1603 regno
1636 1548 1696 1589 est

1024 1605 1136 1655 usus,
1177 1606 1270 1646 ibid.
1312 1605 1422 1661 capit
1464 1605 1696 1662 Thapsum,

1025 1664 1186 1715 urbem,
1225 1677 1293 1718 30.
1327 1665 1369 1704 in
1391 1678 1487 1705 eum
1512 1665 1694 1707 stimula-

1025 1733 1091 1764 tur
1133 1724 1182 1765 ab
1237 1722 1469 1764 Asdrubale
1510 1725 1696 1781 Syphax,

1027 1796 1097 1834 31.
1134 1783 1314 1823 iincitur
1339 1783 1484 1824 Mafini
1491 1783 1542 1824 ffa
1564 1800 1586 1825 a
1618 1785 1698 1841 Sy-

1025 1841 1171 1896 phace,
1194 1843 1280 1882 ibid.
1301 1840 1518 1896 profugit'
1508 1857 1550 1883 m
1578 1858 1698 1884 mon-

1026 1912 1110 1941 tem
1154 1901 1346 1953 Balbum,
1377 1901 1466 1940 ibid.
1507 1902 1699 1944 Bocchar

1030 1961 1208 2001 mittitur
1226 1959 1415 2001 adversus
1433 1961 1698 2013 Masinissam,

1029 2032 1100 2074 32.
1123 2019 1194 2074 qui
1219 2022 1407 2067 vincitur,
1430 2019 1496 2060 sed
1518 2021 1696 2062 circum-

1027 2089 1174 2120 ventus
1222 2093 1318 2119 cum
1379 2078 1473 2120 solis
1523 2090 1700 2134 quatuor

1029 2137 1234 2193 equitibus
1259 2137 1436 2193 aufugit,
1459 2139 1545 2180 ibid.
1577 2139 1698 2180 insilit

1027 2197 1069 2237 in
1093 2197 1283 2248 fluvium,
1318 2197 1427 2237 unde
1459 2211 1555 2238 cum
1592 2200 1702 2239 duo-

1027 2255 1105 2298 bus
1127 2257 1315 2312 emergit,
1348 2256 1438 2296 ibid.
1477 2256 1700 2298 inocculta

1028 2315 1221 2382 spelunca
1253 2317 1402 2356 vulnus
1436 2326 1567 2366 curat,
1608 2316 1699 2361 ibid.

1030 2376 1178 2431 repetit
1200 2389 1389 2430 regnum,
1411 2374 1502 2416 ibid.
1522 2374 1697 2432 Syphax

1030 2435 1072 2474 in
1115 2449 1211 2475 eum
1248 2433 1476 2482 contendit,
1518 2447 1698 2490 eumque

1031 2495 1172 2543 vincit,
1207 2505 1275 2547 33.
1307 2505 1403 2533 cum
1427 2493 1589 2535 modica
1610 2509 1700 2535 ma-

1031 2566 1088 2592 nu
1123 2552 1328 2594 Mafiniffa
1371 2551 1421 2591 ad
1461 2552 1699 2607 Scipionem

1031 2613 1157 2664 venit,
1207 2611 1295 2651 ibid.
1347 2610 1602 2656 Hannonem
1649 2614 1701 2661 ad

1031 2684 1213 2727 pugnam
1236 2670 1361 2723 elicit,
1380 2680 1452 2727 34⁰.

1083 2760 1087 2762 ,
1490 2729 1701 2789 „Syphacis

1562 2842 1567 2858 l
