1794 3121
599 176 1081 241 iNDEX.
1547 193 1570 233 5

170 299 251 356 ipse
271 300 309 343 se
326 300 562 352 tradit‚ibid.
578 318 675 346 eum
691 305 835 361 benig-

170 374 222 400 ne
243 361 401 416 excipit
417 362 575 415 consul,
605 378 628 419 7
672 368 713 406 8.
738 379 836 405 cum

167 418 252 459 filio
287 419 482 476 Philippo
525 422 566 464 in
607 423 835 465 custodiam

167 478 359 529 mittitur,
385 484 454 522 28.
469 481 520 521 de
543 497 592 523 eo
607 482 835 538 triumphat

168 537 356 588 Paullus,
410 555 474 594 79.
533 543 702 583 ducitur
741 555 835 582 ante

164 609 334 637 currum
366 597 550 650 vietoris,
572 601 657 643 ibid.
690 601 835 655 depre-

163 655 275 696 canti
307 655 415 698 hanc
439 658 709 714 ignominiam
733 660 833 714 quid

162 714 334 756 Paullus
353 716 621 772 responderit,
643 719 733 759 ibid.
756 719 833 758 Al-
860 723 861 729 ’

157 771 256 814 bam
292 775 335 814 in
370 777 597 818 custodiam
634 778 829 828 mittitur,

160 847 239 885 42.

101 889 150 933 C.
171 892 347 942 Persius,
384 894 446 934 vir
482 895 673 949 impiger,
708 895 829 937 caedit

159 951 423 1002 Tarentinos,
439 955 558 995 xxvi.
581 966 651 1010 39.

99 1008 280 1062 Perusia,
306 1012 483 1055 Etruriae
515 1016 729 1069 oppidum,
752 1028 824 1068 pe-

152 1070 203 1111 tit
224 1086 389 1128 pacem,
422 1073 485 1114 ix.
517 1088 587 1129 37.
623 1073 824 1127 accipitur

153 1130 198 1170 in
221 1130 489 1183 deditionem,
507 1143 574 1182 40,
599 1133 681 1174 vid.
708 1133 761 1175 Εἴ
777 1146 819 1172 x.

97 1247 292 1290 Perusina
332 1248 480 1294 cohors
516 1249 641 1292 intrat
676 1249 821 1293 Casili-

151 1322 270 1361 num,
293 1308 412 1350 xxiii.
452 1322 518 1364 ¹7·

95 1366 287 1409 Perufini
302 1369 521 1410 caeduntur
543 1384 566 1410 a
604 1370 819 1421 Romanis,

151 1440 196 1469 x.
232 1441 301 1483 30.
318 1428 535 1479 rebellant,
558 1441 629 1482 31.
654 1430 817 1471 Perufi-

150 1500 301 1527 norum
319 1487 631 1541 quatuormillia
645 1490 677 1529 ὃς
694 1488 817 1542 quin-

148 1545 264 1602 genti
299 1546 435 1595 occisi,
467 1546 558 1587 ibid.
582 1546 736 1588 abietes
773 1548 815 1587 in

146 1604 404 1646 fabricandas
418 1619 559 1657 naves,
571 1608 608 1647 8<
628 1604 817 1646 frumen-

146 1665 175 1704 ti
216 1678 414 1720 magnum
438 1678 657 1706 numerum
696 1665 816 1720 polli-

145 1733 291 1764 centur
311 1723 513 1779 Scipioni,
536 1725 679 1767 xxviii.
703 1738 775 1780 45.

92 1781 280 1826 Pessinus
315 1783 358 1823 in
383 1782 578 1839 Phrygia,
601 1783 724 1825 xxix.
752 1799 816 1830 10.

81 1885 84 1888 ,
143 1842 289 1883 xxxiv.
312 1854 352 1896 3.
383 1842 567 1885 xxxviii.
612 1850 678 1886 18.
704 1845 814 1885 Idaea

145 1901 286 1943 Mater
307 1915 330 1941 a
354 1900 589 1955 Pessinunte
631 1903 812 1944 Romam

144 1959 336 2012 adve&a‚
357 1960 477 2001 xxix.
497 1975 563 2003 ro.
594 1975 658 2002 Η.

89 2017 290 2060 Pestilens
326 2020 365 2060 δε
406 2018 568 2059 aridum
604 2020 711 2061 circa
744 2035 813 2061 ur-

144 2076 240 2118 bem
263 2077 409 2126 solum‚
431 2077 498 2118 vii.
520 2081 589 2133 38.

86 2136 339 2179 Pestilentia.
380 2135 471 2192 ejus
506 2138 639 2179 caussa
674 2140 812 2182 clavus

143 2196 352 2252 pangitur,
368 2194 436 2236 vii.
461 2207 500 2250 3.

87 2254 337 2304 Pestilentia,
353 2268 445 2308 quae
461 2255 588 2313 magis
607 2255 648 2296 iu
665 2255 812 2311 longos

144 2313 331 2365 morbos,
351 2327 475 2366 quam
494 2316 535 2356 in
553 2314 812 2372 perniciales,

143 2373 282 2422 evasit,
304 2372 438 2414 xxvii.
457 2385 524 2431 23,
543 2374 622 2415 vid.
649 2374 792 2416 Pestis.

86 2432 221 2476 Pestis
256 2432 420 2479 Rornae,
444 2432 468 2474 i.
496 2449 565 2489 3¹·
586 2432 646 2473 iii.
668 2435 808 2489 6..32·

144 2491 198 2534 iv.
224 2504 294 2532 21.
320 2500 391 2543 25.
410 2505 478 2546 30.
502 2503 569 2544 52.
606 2507 643 2533 v.
668 2500 729 2535 13.
753 2493 807 2533 vi.

143 2563 213 2591 2ο.
235 2550 304 2590 vii.
329 2564 366 2593 1.
386 2562 427 2592 2.
451 2564 518 2606 27.
540 2551 608 2592 viii
636 2564 702 2606 ¹7·
742 2555 809 2595 18.

80 2657 90 2662 .‚
140 2609 210 2662 ix.
236 2613 305 2652 28.
328 2623 374 2650 x.
393 2623 459 2665 3¹·
484 2611 803 2665 47.xl.1o.37.

1579 193 1600 220 Η

1607 192 1631 234 5

954 303 1022 344 ali.
1050 303 1118 345 26.

895 386 1010 394 —--
1031 360 1255 418 Syracusis,
1275 375 1384 402 xxv.
1409 363 1477 406 26.

895 445 1008 452 -—-—
1031 419 1073 460 in
1123 421 1377 462 exercitibus
1429 422 1624 465 Romano

959 479 1216 532 Punicoque,
1239 480 1384 520 xxviii.
1404 483 1474 529 46.

895 536 1066 588 Petelia,
1091 537 1187 578 urbs
1228 540 1268 578 in
1291 539 1477 589 Bruttiis,
1497 538 1620 579 xxiii.

959 610 1024 653 30.
1042 597 1178 637 xxvii.
1200 601 1266 638 26.

897 655 1182 697 Petelinorum
1206 654 1309 696 fides
1333 670 1429 711 erga
1466 657 1622 698 Homa-

948 729 1041 767 nos,
1061 718 1099 757 8<
1137 715 1288 772 legatio
1330 718 1381 755 ad
1419 715 1621 767 senatum,

950 787 1065 816 xxm.
1088 788 1110 817 2
1127 791 1155 814 ².

889 834 1105 876 Petelinus
1127 836 1245 875 lucus
1268 846 1395 887 prope
1419 832 1617 883 Romam,

949 894 1002 934 vi.
1030 907 1097 936 20.
1123 894 1163 933 in
1187 908 1236 933 eo
1260 893 1427 933 comitia
1463 893 1617 943 habim,

948 953 1100 1008 quibus
1125 955 1347 994 damnatur
1369 952 1434 992 Μ.
1465 953 1616 995 Manli-

944 1027 1007 1061 us,
1030 1012 1120 1053 ibid.

886 1072 1048 1114 Petillia
1072 1070 1242 1128 rogatio,
1268 1068 1445 1109 xxxviii.
1470 1083 1537 1126 54.

882 1130 934 1171 L.
959 1131 1164 1181 Petillius,
1196 1131 1355 1186 legatus
1373 1130 1422 1168 ad
1462 1129 1611 1170 Genti-

941 1203 1027 1240 um,
1053 1191 1288 1247 illyriorum
1319 1202 1479 1243 regem,
1503 1190 1609 1229 xliv,

942 1261 1008 1302 27.
1049 1265 1070 1290 a
1114 1249 1270 1290 Gentio
1304 1247 1525 1302 conjicitur
1564 1249 1609 1289 in

937 1321 1163 1361 carcerem,
1198 1309 1284 1349 ibid.
1324 1306 1522 1348 liberatur
1555 1307 1608 1349 ab

943 1368 1114 1417 Anicio,
1136 1377 1327 1423 praetore‚
1347 1378 1413 1420 32.

882 1427 932 1467 L.
960 1427 1164 1478 Petillius,
1187 1425 1333 1476 scriba,
1358 1426 1419 1465 xl.
1463 1439 1531 1478 29.
1561 1425 1606 1466 in

935 1484 1025 1540 ejus
1047 1500 1150 1541 agro
1167 1484 1259 1526 libri
1284 1486 1436 1527 Numae
1476 1486 1605 1528 Pom-

934 1544 1020 1599 pilii
1041 1543 1211 1586 inventi.
1235 1545 1330 1585 ibul.

875 1603 1031 1661 dqu
1079 1604 1242 1649 Petillii,
1284 1602 1604 1658 tribuniplebis,

935 1662 1046 1704 diem
1064 1663 1210 1705 dicunt
1229 1662 1416 1717 Scipioni
1435 1661 1601 1704 Africa-

933 1736 1002 1774 no,
1027 1722 1196 1765 xxxviii.
1225 1735 1294 1777 50.
1318 1722 1389 1761 illo
1421 1732 1602 1771 mortuo,

935 1782 1193 1838 rogationem
1232 1781 1498 1836 promulgant
1546 1783 1599 1821 de

934 1841 1110 1895 pecunia
1141 1840 1248 1896 regis
1273 1838 1490 1890 Antiochi,
1527 1851 1598 1896 34.

874 1898 941 1957 Q
971 1899 1158 1942 Petimus
1192 1899 1396 1954 Spurinus
1438 1911 1600 1941 creatur

931 1969 1098 2014 praetor,
1122 1962 1160 2001 sc
1206 1958 1372 1999 sortitur
1406 1958 1599 2014 jurisdic-

932 2018 1086 2058 tionem
1103 2018 1317 2069 urbanam,
1335 2018 1391 2058 xl.
1416 2021 1480 2058 13.
1496 2020 1598 2060 duas

930 2077 1111 2133 legiones
1135 2076 1424 2118 tumultuarias
1445 2077 1596 2118 civium

933 2136 1401 2178 Romanorumscribere
1413 2151 1427 2191 J
1435 2135 1598 2186 ubetur,

935 2197 1007 2238 26.
1025 2195 1306 2238 librosNumae
1328 2195 1519 2249 Pompilii
1541 2197 1597 2236 ie-

932 2254 1007 2310 git,
1023 2255 1173 2310 eosque
1195 2269 1249 2295 ex
1276 2253 1598 2295 senatusconsul.

932 2324 976 2354 to
990 2314 1177 2355 comburi
1195 2325 1323 2354 curat,
1348 2326 1418 2367 29.
1433 2325 1596 2355 creatur

931 2373 1088 2423 consul,
1111 2374 1177 2413 xli.
1205 2377 1268 2414 18.
1302 2372 1341 2412 ei
1363 2371 1596 2414 sacrifican-

926 2432 959 2472 ti
981 2432 1021 2472 in
1040 2433 1222 2488 jecinore
1258 2445 1342 2472 non
1379 2431 1595 2472 inventum.

928 2503 1070 2546 caput,
1087 2491 1173 2532 ibid.
1188 2490 1357 2548 jubetur
1378 2489 1482 2531 bove
1504 2505 1597 2546 per.-

928 2550 1059 2600 istare,
1078 2551 1169 2592 ibid.
1195 2549 1397 2592 occiditur
1419 2549 1462 2589 in
1484 2564 1593 2605 proe-

926 2608 981 2648 lio
999 2609 1189 2652 adversus
1217 2610 1402 2665 Ligures,
1423 2621 1488 2651 22.
1509 2614 1514 2619 '

1367 2669 1588 2718 Petimus,
