1835 3121
423 231 652 283 LissER
702 234 861 283 XLIV.
908 239 1067 282 CAP.
1112 230 1245 280 XLV.
1642 243 1720 292 ¹97

176 356 302 398 castra
336 358 474 398 movit.
539 357 685 398 Beroea
722 357 923 422 primum,
954 355 1101 396 deinde
1128 353 1424 400 Thessalonica,
1456 355 1495 396 &

183 417 243 455 ill
264 431 300 465 a,
333 419 373 457 &
407 415 599 470 deinceps
620 415 754 457 omnis
776 415 904 456 ferme
927 414 1174 461 Macedonia
1196 413 1302 453 intra
1323 411 1496 452 biduum

174 474 324 514 dedita.
387 473 570 530 Pydnaei,
600 473 670 528 qui
705 473 882 528 proximi
922 481 1054 523 erant,
1085 472 1269 512 nondum
1307 469 1496 511 miserant
1519 471 1593 504 ‘Tota
1612 474 1718 504 Mace

176 531 356 585 legatos.
390 532 613 572 multitudo
637 537 652 583 Η
695 532 901 573 incondita
933 531 1113 586 plurium
1142 531 1258 570 simul
1292 528 1497 584 gentium,
1514 520 1556 548 ‘¹⁰'
1556 521 1709 549 mmm

175 590 392 644 turbaque,
425 605 518 644 quae
549 605 598 631 ex
639 590 724 631 acie
765 589 863 645 fuga
896 590 937 629 in
986 601 1114 629 unum
1153 586 1363 643 compulsa
1395 592 1496 637 erat,

174 648 384 688 confilium
413 651 451 689 &
483 649 722 689 consensum
744 647 917 690 civitatis
940 645 1214 701 impediebat:
1246 660 1322 687 nec
1352 645 1498 686 clausae

174 703 300 746 ‘modo
323 718 467 761 portae,
499 707 565 748 sed
589 707 711 748 etiam
728 710 757 756 ἹῙ
779 704 1037 747 inaedificatae
1071 717 1198 746 erant.
1264 703 1374 747 Miffi
1391 704 1498 745 Milo

176 766 216 804 8(
257 764 520 806 Pantauchus
559 759 630 806 sub
659 779 798 805 muros
837 765 885 805 ad
928 764 1180 819 colloquium
1215 763 1392 813 Solonis,
1425 762 1500 817 qui

174 823 358 876 praesidio
375 826 438 879 (2)
469 834 581 865 erat:
618 837 689 879 per
709 838 805 865 eum
826 823 1026 864 emittitur
1063 823 1248 864 militaris
1267 821 1399 863 turba.
1426 836 1500 876 op-

174 881 317 936 pidum
360 883 543 923 deditum
586 883 785 923 militibus
821 883 940 922 datur
962 882 1251 937 diripiendum.
1312 880 1499 929 Perseus,
1519 907 1619 948 Persi
1643 909 1725 949 mise·

177 954 256 980 una
280 939 439 981 tantum
467 941 533 995 spe
556 941 796 982 Bisaltarum
819 940 961 981 auxilii
991 947 1015 994 †
1037 942 1205 989 tentata,
1238 940 1287 979 ad
1307 952 1412 994 quos
1429 953 1499 979 ne·
1519 954 1695 996 „masm-

177 999 404 1054 quidquam
433 1000 593 1040 miserat
626 1001 795 1055 legatos,
826 1000 867 1039 in
891 1000 1131 1041 concionem
1161 997 1361 1054 processit,
1402 996 1500 1038 Phi-

177 1057 335 1112 lippum
359 1057 494 1099 secum
518 1059 649 1099 filium
685 1057 867 1107 haben33
901 1065 947 1098 ut
987 1060 1023 1098 8(
1060 1058 1165 1112 ipsos
1196 1057 1502 1111 Amphipolita-

176 1121 266 1166 nos,
302 1119 339 1157 8(
369 1117 557 1172 equitum
597 1117 886 1172 peditumque,
932 1117 1005 1171 qui
1046 1127 1116 1156 aut
1161 1116 1318 1170 semper
1359 1115 1502 1165 secuti,

178 1185 249 1215 aut
285 1174 379 1230 fuga
414 1174 561 1216 eodem
606 1176 729 1216 delati
772 1184 903 1227 erant,
936 1175 1192 1215 adhortando
1223 1175 1380 1215 animos
1402 1188 1501 1213 con-

179 1232 372 1275 firmaret.
435 1235 517 1274 Sed
553 1234 769 1288 aliquoties
789 1234 923 1275 dicere
944 1234 1207 1288 incipientem
1233 1247 1363 1288 quum
1384 1232 1503 1272 lacri-

182 1305 260 1333 mae
302 1292 609 1346 pr‘epediffent3
661 1293 755 1358 quia
805 1292 887 1347 ipse
929 1292 1062 1333 dicere
1103 1291 1276 1346 nequiit,
1310 1291 1500 1331 Evandro
1523 1328 1555 1359 A
1604 1326 1635 1358 h‘
1681 1328 1694 1358 i

180 1350 362 1391 Cretenfi
380 1350 512 1409 editis,
536 1366 628 1405 quae
646 1366 711 1407 ag1
725 1366 820 1392 cum
843 1350 1105 1391 multitudine
1127 1352 1263 1398 vellet,
1298 1352 1346 1389 de
1365 1354 1501 1402 †tem-
1522 1333 1602 1405 abii?
1625 1329 1681 1371 ’Μ

179 1410 249 1463 plo
271 1413 335 1465 (3)
365 1404 584 1451 descendit.
648 1406 893 1458 Multitudo,
927 1410 1026 1449 sicut
1059 1409 1110 1448 ad
1142 1407 1408 1462 conspec‘wm
1441 1422 1506 1449 re-

181 1467 243 1522 gis
265 1468 489 1522 fletumque
524 1475 606 1507 tam
637 1467 903 1508 miserabilem
929 1465 969 1509 &⁷
993 1458 1104 1521 ipsa
1095 1476 1352 1522 ingemuerat
1387 1465 1506 1508 lacri-

182 1533 458 1580 maveratque,
490 1526 544 1566 ita
567 1526 742 1566 Evandri
764 1526 990 1566 orationem
1009 1522 1322 1580 aspernabatur.
1357 1528 1394 1566 &
1415 1525 1506 1580 qui-

181 1586 275 1625 dun
297 1586 376 1626 ausi
401 1585 491 1625 sunt
511 1585 644 1625 media
666 1599 715 1625 ex
737 1584 935 1625 concione
957 1590 972 1636 Η
994 1584 1256 1633 succlamare,
1277 1585 1391 1624 Abite
1403 1585 1505 1635 hinc,

181 1651 240 1694 ile,
280 1644 741 1700 quipaucisupetsumus,
767 1650 921 1698 propter
966 1658 1033 1683 vos
1060 1658 1277 1698 pereamus
1340 1643 1507 1685 Horum

180 1699 332 1744 ferocia
369 1716 513 1743 vocem
549 1702 725 1743 Evandri
754 1703 907 1743 clausit.
968 1702 1061 1742 Rex
1081 1705 1143 1757 (4)
1174 1701 1215 1741 in
1253 1702 1424 1741 domum
1466 1701 1506 1742 se

179 1761 348 1816 recepit,
380 1757 634 1815 pecuniaque
667 1763 707 1803 &
745 1769 845 1801 auro
880 1771 1133 1817 argentoque
1164 1761 1206 1800 in
1230 1760 1399 1810 lembos,
1433 1761 1508 1815 qui

181 1819 224 1860 in
245 1820 463 1876 Strymone
486 1820 658 1870 stabant,
691 1820 849 1869 delatis,
884 1823 920 1861 δε
958 1819 1041 1874 ipse
1079 1820 1128 1860 ad
1166 1814 1320 1859 fiumen
1342 1819 1508 1860 descen-

181 1879 254 1919 dit.
316 1878 516 1930 Thraces,
547 1877 717 1919 navibus
759 1878 796 1918 se
832 1879 1088 1919 committere
1128 1892 1211 1918 non
1233 1878 1331 1927 aufi,
1362 1879 1508 1919 domos

181 1937 337 1992 dilapsi,
371 1939 410 1978 8(
435 1937 522 1977 aliae
560 1937 744 1977 militaris
765 1937 925 1992 generis
963 1937 1119 1977 turbae:
1162 1936 1375 1978 Cretenses
1397 1936 1508 1991 spem

181 1996 367 2050 pecuniae
388 1995 525 2036 secuti.
539 1997 593 2045 &,
610 1996 805 2050 quoniam
820 1995 861 2036 in
876 1996 1095 2036 dividendo
1117 1995 1209 2050 plus
1223 1995 1508 2044 offensionum,

184 2056 311 2108 quam
333 2053 488 2109 gratiae,
520 2065 619 2105 erat,
651 2054 951 2110 quinquaginta
983 2056 1134 2094 talenta
1168 2051 1216 2095 iis
1253 2053 1380 2108 polita
1413 2053 1507 2094 sunt

182 2113 226 2153 in
248 2111 334 2167 ripa
355 2112 594 2167 diripienda.
662 2113 728 2154 Ab
745 2112 822 2153 hac
859 2113 1087 2167 direptione
1110 2127 1240 2167 quum
1263 2127 1335 2166 per
1355 2113 1511 2153 tumul-

186 2178 277 2211 tum
307 2185 428 2212 naves
446 2170 780 2221 conscenderent,
812 2171 994 2212 lembum
1029 2172 1222 2212 nnumin
1253 2170 1356 2212 ostio
1377 2172 1510 2212 amnis

183 2229 446 2270 multitudine
469 2241 681 2285 gravatum
703 2229 943 2270 merserunt.
1005 2230 1232 2285 Galepsum
1253 2232 1317 2285 (ς)
1351 2245 1400 2270 eo
1428 2230 1508 2279 die',

185 2288 348 2344 postero
389 2287 716 2340 Samothracam,
763 2302 887 2342 quam
918 2287 1125 2343 petebant,
1158 2289 1428 2342 perveniunt:
1460 2289 1509 2329 ad
1530 2305 1699 2338 Samothra-

182 2348 268 2388 duo
288 2347 416 2388 millia
449 2344 649 2389 talentum
670 2347 873 2404 perveRa·
892 2345 944 2388 eo
977 2347 1186 2390 dicuntur.
1528 2364 1589 2382 mm
1600 2358 1707 2393 pesve>—

1352 2401 1510 2448 XLVI.
1529 2402 1584 2430 ²²²²·

186 2537 248 2579 (2)
273 2535 420 2568 Omnino
436 2536 511 2579 lege
532 2539 678 2580 praeerat'.
725 2530 861 2581 Praesda'o
877 2539 936 2582 ff,
960 2536 1013 2568 vel
1029 2539 1060 2568 in
1072 2537 1198 2580 praestdio
1214 2527 1263 2580 effi
1279 2533 1435 2570 dicuntur
1450 2538 1510 2570 mi-

187 2583 261 2615 iites
276 2582 485 2625 praefidiarii:
506 2592 539 2614 at
564 2584 632 2614 dux
658 2594 773 2615 eorum
793 2585 922 2626 praefidio
942 2583 1073 2627 praeffe‚
1088 2590 1124 2614 ut
1138 2583 1272 2624 supral.
1291 2592 1343 2622 27.
1362 2594 1390 2615 c.
1405 2593 1458 2623 42.
1478 2585 1511 2616 &

186 2628 276 2662 alibi.
323 2629 382 2670 (3)
397 2630 447 2660 De
464 2628 549 2667 loco,
572 2629 659 2660 unde
677 2628 840 2683 populum
858 2626 984 2670 alIo'qui
1008 2638 1080 2659 mos
1102 2636 1181 2660 erat.
1227 2630 1395 2680 Loquitur
1419 2640 1509 2661 more

186 2676 341 2706 Romano
364 2673 488 2705 Livius.
535 2674 593 2716 (4)
613 2675 650 2705 Tox
675 2677 704 2705 in
722 2673 911 2706 Gronovius
933 2674 1128 2705 mutandum
1157 2674 1265 2705 censet
1287 2674 1322 2706 in
1350 2678 1431 2713 inde3
1456 2676 1510 2707 cui

187 2719 313 2752 accedit
337 2719 637 2752 Drakenborchius.
681 2722 768 2763 Saepe
791 2727 899 2752 tamen
916 2721 1021 2751 noster
1045 2718 1309 2762 praepositionem
1345 2720 1490 2764 praefiger
1492 2732 1510 2752 er

188 2772 288 2801 amat,
312 2765 370 2796 ubi
386 2766 487 2808 vulgo
503 2765 680 2797 omittitur.
700 2767 756 2808 (5)
772 2765 903 2808 Duplex
923 2765 1018 2807 hujus
1031 2764 1171 2796 nominis
1188 2765 1266 2796 urbs
1279 2777 1316 2798 ea
1328 2775 1421 2810 parte
1436 2766 1510 2803 fuit

189 2810 315 2843 altera'
307 2821 342 2842 m
355 2812 563 2844 Macedonia
577 2812 690 2849 altera,
700 2822 769 2852 quae
784 2810 837 2843 h‘ic
854 2810 1029 2848 indicatur,
1051 2811 1084 2844 in
1111 2809 1259 2844 Thracia
