1804 3121
401 232 437 273 L
454 232 474 272 Ι
490 231 523 272 Β
541 231 573 272 Ε
591 230 632 271 R
683 229 817 272 XLII.
870 229 907 271 C
927 231 963 271 A
979 230 1025 272 P.
1074 231 1231 274 LVIII.

170 353 369 387 maturam
405 348 454 387 ad
479 347 603 388 castra
630 346 807 388 hostium
829 346 955 387 ducit.
1015 345 1139 387 Visus
1172 347 1211 386 ἂι
1236 349 1412 402 plurium
1436 351 1479 391 «Sc

167 404 332 458 propior
349 404 461 445 solito
483 407 613 459 pulvis
636 405 946 460 trepidationem
970 403 1010 444 in
1039 404 1176 446 castris
1198 405 1398 448 Romanis
1419 408 1474 447 fe-

165 462 234 503 cit.
288 462 338 502 Et
359 464 492 517 primo
516 465 579 504 vix
602 466 799 505 creditum
822 463 1032 504 nuncianti
1058 462 1129 512 est,
1167 464 1261 517 quia
1278 465 1479 518 prioribus

166 520 370 562 continuis
392 521 532 563 diebus
555 537 764 577 nunquam
787 535 877 562 ante
900 522 1041 562 horam
1062 532 1246 576 quartam
1269 523 1393 564 hostis
1410 539 1479 578 ap-

163 590 366 632 paruerat.
381 589 471 620 tum
488 580 578 622 solis
598 593 710 622 ortus
726 590 824 621 erat.
856 580 1018 621 Deinde
1036 590 1080 620 ut
1101 581 1279 640 plurium
1303 583 1479 622 clamore

167 637 207 676 &
240 637 359 678 cursu
395 653 416 678 a
448 640 573 692 portis
613 639 810 681 dabitatio
851 648 1039 693 exempta
1073 634 1144 688 est,
1176 641 1378 682 tumultus
1419 640 1481 680 in·

164 707 264 749 gens
300 699 330 744 ἾῘ
360 696 555 739 oboritur.
594 697 758 745 tribuni,
800 697 1085 752 praefectique,
1139 699 1178 738 8c
1222 699 1480 740 centuriones

163 751 423 807 in†praet0ri
429 770 527 805 um;
562 757 675 796 miles
705 757 755 797 ad
778 756 845 796 sua
877 755 1045 810 quisque
1077 758 1249 797 tentoria
1279 757 1482 799 discurrit.

161 810 309 854 Minus
341 813 584 869 quingentos
604 815 733 869 paffus
756 829 777 854 a
798 815 904 855 vallo
935 815 1176 854 instruxerat
1197 815 1367 855 Perseus
1389 815 1482 856 suos

164 868 273 910 circa
294 873 515 922 tumulum,
552 887 672 927 quern
699 873 946 914 Callicinum
976 883 1135 915 vocant
1197 873 1320 914 Laevo
1352 888 1483 914 cornu

162 926 293 984 Cotys
323 944 392 970 rex
424 941 592 984 praeerat
630 946 724 972 cum
771 932 960 972 omnibus
1003 932 1081 972 suae
1115 932 1266 987 gentis:
1296 933 1483 986 equitum

166 975 329 1028 ordines
351 989 448 1029 levis
469 1000 671 1030 armatura
694 990 925 1056 interpofita
947 990 1230 1045 distinguebat.
1270 991 1317 1030 In
1339 993 1483 1031 dextro

164 1058 295 1086 cornu
319 1045 571 1089 Macedones
588 1058 702 1089 erant
724 1064 767 1088 e
777 1050 906 1091 uites:
937 1049 1160 1089 intermixti
1178 1050 1322 1090 turmis
1338 1064 1484 1090 eorum

166 1103 392 1146 Cretenses.
440 1106 552 1148 Huic
574 1117 789 1149 armature
811 1107 920 1148 Milo
944 1110 1006 1162 (2)
1028 1108 1252 1155 Beroeaeus,
1277 1109 1484 1162 equitibus

168 1164 210 1202 &
230 1161 398 1204 summae
417 1167 539 1218 partis
560 1167 648 1221 ejus
670 1166 799 1206 Meno
819 1166 1107 1231 Antigonensis
1122 1176 1303 1220 praeerat.
1351 1166 1487 1207 Prox-

166 1220 238 1260 imi
274 1223 336 1276 (3)
357 1223 548 1263 cornibus
583 1224 847 1264 constiterant
881 1224 982 1279 regii
1015 1224 1187 1279 equites,
1231 1227 1269 1265 δι
1309 1225 1486 1265 mixtum

165 1292 311 1333 genus,
339 1280 495 1320 dele&a
515 1281 693 1336 plurium
716 1282 898 1336 gentium
921 1282 1099 1323 auxilia:
1134 1283 1335 1323 Patrocles
1367 1283 1489 1323 Anti-

166 1337 352 1390 gonensis
371 1338 437 1378 hic
461 1341 498 1379 8<
524 1340 696 1381 Paeoniae
725 1340 941 1394 praefecius
972 1340 1102 1380 Didas
1135 1352 1249 1380 erant
1270 1341 1487 1395 praepositi.

166 1395 334 1437 Medius
362 1399 545 1437 omnium
566 1412 637 1438 rex
659 1409 756 1439 erat.
781 1399 888 1438 circa
915 1412 1011 1437 eum
1033 1402 1063 1446 ἹῙ
1083 1412 1240 1453 agema,
1275 1400 1386 1452 quod
1418 1414 1490 1439 vo-

167 1463 279 1506 cant,
299 1455 564 1509 equitumque
587 1459 648 1510 (4)
670 1456 789 1496 sacrae
817 1457 902 1496 alae.
964 1457 1076 1495 Ante
1113 1457 1151 1496 se
1188 1456 1323 1497 statuit
1345 1456 1487 1497 fundi-

168 1520 274 1552 tores
306 1513 655 1568 jaculatoresque:
702 1515 1093 1570 cuadringentorum
1133 1529 1277 1557 manus
1314 1525 1488 1570 utraque

167 1583 382 1611 numerum
396 1573 637 1627 expleverat.
698 1572 841 1612 Ionem
865 1573 953 1613 'lhe
959 1573 1257 1614 fl'alonicensem
1281 1576 1323 1615 &
1346 1575 1489 1615 Tima-

165 1642 266 1670 nora
287 1629 522 1682 Dolopem
513 1631 560 1671 iis
577 1631 772 1686 praefecit.
802 1632 852 1672 fic
874 1632 973 1686 regii
994 1632 1271 1673 constiterant.
1317 1632 1487 1686 Consul,
1510 1646 1633 1687 Cosuli

166 1686 271 1728 intra
288 1690 439 1729 vallum
453 1691 636 1743 peditum
659 1690 743 1731 acie
765 1690 973 1739 instructa,
993 1690 1126 1744 &ipse
1147 1691 1376 1744 equitatum
1399 1706 1487 1732 om·
1505 1704 1588 1724 αἰτεό-

166 1759 261 1786 nem
276 1761 370 1787 cum
392 1748 470 1788 levi
492 1748 696 1789 armatura
717 1749 822 1788 misit
845 1752 906 1804 (5)
914 1763 1020 1802 ,pro
1041 1750 1146 1788 vallo
1169 1749 1356 1790 instructi
1379 1750 1484 1791 sunt.

167 1804 327 1846 Dextro
350 1821 477 1847 cornu
500 1808 735 1862 prcepofitus
752 1807 800 1849 C
824 1778 1006 1848 Licinius
1023 1806 1198 1856 Craffus,
1217 1809 1392 1848 consulis
1406 1809 1489 1849 fra-

167 1872 342 1912 ter,cum
358 1865 469 1905 omni
484 1866 626 1906 Italico
641 1866 841 1919 equitatu,
851 1865 1061 1906 velitibus
1052 1867 1318 1908 mtermixtis:
1334 1867 1489 1908 finistro

167 1920 229 1962 M.
249 1923 436 1964 Valerius
461 1924 652 1965 Laevinus
674 1925 875 1966 sociorum
896 1939 944 1966 ex
970 1916 1128 1964 Graecis
1147 1926 1309 1980 populis
1327 1926 1487 1979 equites

165 1979 352 2030 habebat,
371 1984 432 2036 (6)
447 1983 626 2038 ejusdem
648 1984 779 2039 gentis
793 1985 923 2024 levem
941 1994 1200 2023 armaturam.
1224 1985 1404 2024 Mediam
1419 1999 1491 2024 au·

168 2048 250 2087 tem
267 2039 396 2080 aciem
415 2055 508 2080 cum
527 2043 691 2082 delectis
709 2046 770 2097 (7)
788 2043 1021 2096 equitibusss
1034 2042 1361 2083 extraordinariis
1378 2053 1492 2083 tene-

167 2096 235 2137 bit
257 2098 508 2156 QMucius.
532 2101 633 2141 duce
638 2103 693 2140 nti
724 2101 880 2155 equites
899 2100 1009 2141 Galli
1028 2110 1119 2140 ante
1136 2100 1254 2167 signa·
1261 2101 1435 2142 horum
1425 2116 1490 2145 ιο,-

166 2154 325 2207 structi,
350 2159 395 2199 ἃ
419 2157 468 2198 de
497 2160 655 2201 auxiliis
678 2159 873 2200 Eumenis
890 2159 1123 2216 Cyrtiorum
1145 2159 1278 2214 gentis
1304 2160 1489 2200 trecenti.

1308 2218 1488 2259 Thessali

167 2330 216 2360 cis.
264 2328 322 2369 (2)
338 2330 435 2371 Lege,
452 2341 489 2361 ex
506 2330 656 2373 Polybio,
686 2334 809 2369 Medon,
826 2331 879 2363 vel
901 2333 1002 2363 Medo.
1049 2331 1114 2362 Hic
1138 2338 1276 2372 praecrat
1301 2330 1366 2361 levi
1383 2340 1488 2361 arma-

171 2381 249 2404 turae
264 2375 483 2406 Cretenfium:
510 2376 686 2417 Equitibus
698 2385 834 2418 praeerat
849 2379 967 2415 Meno,
987 2378 1017 2408 8<
1037 2377 1168 2418 insuper
1186 2376 1342 2407 summam
1359 2374 1488 2417 imperii

147 2451 150 2454 Δ
167 2418 204 2449 in
221 2419 279 2450 hac
294 2429 398 2461 parte,
409 2419 432 2452 i.
451 2431 479 2452 e.
490 2420 523 2452 in
537 2423 650 2453 dextro
668 2434 783 2460 cornu,
799 2423 951 2455 habebat.
1001 2425 1054 2462 (3)
1072 2424 1119 2453 Sc.
1136 2421 1219 2452 inter
1235 2431 1358 2451 cornua
1374 2422 1405 2451 3<
1421 2431 1488 2451 ine—

170 2463 258 2495 diam
271 2465 382 2496 aciem.
429 2466 494 2505 (4)v
514 2470 682 2508 Alaesoerae
700 2468 822 2499 mentio
836 2467 871 2499 fit
889 2468 971 2499 iufra
986 2479 1012 2498 c.
1032 2467 1083 2498 06.
1105 2469 1217 2497 alatum
1229 2468 1384 2508 sacrarum
1402 2465 1421 2496 l.
1433 2476 1488 2504 44.

171 2520 199 2542 e.
221 2520 272 2547 42.
297 2512 374 2553 Jure
397 2511 574 2552 suspicatur
591 2512 777 2544 Crevierius
793 2513 862 2544 illas
879 2513 1027 2554 equitum
1048 2512 1111 2543 alas
1136 2511 1219 2542 circa
1243 2511 1348 2553 ipsum
1376 2522 1488 2554 regem

170 2554 277 2587 solitas
293 2554 353 2586 ess'e
372 2567 530 2598 pugnare,
557 2557 584 2588 ci
604 2559 726 2589 tuendo
755 2557 922 2598 speciatim
948 2558 1086 2594 additas,
1109 2558 1196 2588 uude
1215 2557 1243 2587 ὃ(
1261 2557 1335 2598 ipsis
1356 2555 1492 2588 sortasse¹

171 2602 331 2632 Sacrarum
348 2612 465 2633 nomen
483 2601 621 2633 inditum
638 2618 643 2633 ι
677 2614 736 2634 nec
754 2602 848 2633 aliam
865 2601 926 2634 effe
943 2609 1050 2645 regiam
1067 2605 1142 2633 alam
1160 2611 1373 2634 memoratam
1389 2603 1487 2644 supra

171 2645 294 2685 l.37.c.
312 2656 367 2681 4ο.
404 2647 468 2686 ’(5)
484 2649 571 2690 Lege
587 2649 682 2691 «γυψὶ.
707 2648 859 2679 Alterum
886 2647 1176 2680 Drakenborchius
1197 2658 1236 2679 ex
1260 2649 1332 2679 cdd.
1345 2655 1410 2679 vet.
1437 2658 1488 2679 re-

169 2691 272 2723 duxit.
314 2691 371 2733 (6)
394 2692 535 2724 Videtur
551 2693 698 2724 excidisse
715 2694 834 2734 copula
850 2701 886 2724 et.
939 2696 992 2734 (7)
1018 2693 1079 2725 Vel
1101 2693 1238 2726 delenda
1266 2693 1398 2725 videtur
1424 2703 1508 2729 vox,

171 2736 313 2774 delectis,
329 2746 484 2779 tanquam
502 2738 599 2781 glossa
624 2738 749 2770 librarii
766 2739 806 2770 ad
826 2740 859 2770 ero*
875 2742 1137 2773 extraordinariis;
1168 2739 1220 2770 vel
1238 2739 1410 2780 legandum
1427 2751 1489 2769 cum

165 2785 278 2822 'deficiis
307 2785 442 2826 equitibus
471 2785 509 2816 'O'
535 2787 788 2824 extraordinariis,
811 2792 848 2816 ut
874 2795 933 2828 per
960 2787 1072 2818 deleffos
1096 2783 1215 2826 equite*
1252 2784 1490 2827 intelligantur,

1405 2838 1490 2871 quos

1622 247 1694 276 101
