1830 3131
785 217 1184 261 EPITOME

743 407 993 450 LIBRI
1061 408 1214 449 CXII.

318 486 746 577 TREPIDATIO
783 534 982 576 vinarum
1014 534 1192 589 partium
1237 533 1276 574 in
1328 532 1502 575 diversas
1533 531 1643 575 orbls

320 605 519 637 terrarum
563 603 696 647 partes
729 596 766 634 &
812 593 908 648 fuga
949 593 1196 634 referuntur.
1288 592 1367 633 Cn.
1409 592 1649 648 Pompeius,

323 664 454 709 quum
495 651 725 709 AEgyptum
757 651 926 707 petisset,
954 653 1061 708 juss'u
1100 651 1309 694 Ptoleinaei
1349 651 1454 707 regis
1486 651 1649 708 pupilli,

324 712 493 754 auctore
512 711 733 756 Theodoto
755 724 1019 766 praeceptore,
1051 711 1170 765 cujus
1202 724 1350 765 magna
1371 712 1478 764 apud
1507 723 1648 765 regem

325 771 546 813 auctoritas
583 779 683 818 erat,
721 772 760 811 &
798 770 988 820 Pothino,
1021 770 1177 811 occisus
1199 769 1255 810 est
1279 769 1327 809 ab
1359 769 1540 820 Achilla,
1580 767 1649 811 cui

324 831 365 872 id
384 829 543 870 facinus
565 838 651 868 erat
671 827 922 883 delegatum,
953 829 993 869 in
1024 828 1229 878 navicula,
1261 838 1481 882 antequam
1503 827 1544 867 in
1569 837 1651 867 ter-

324 903 412 931 ram
429 887 570 928 exiret.
632 886 824 927 Cornelia
857 902 960 928 uxor
995 891 1032 928 8:
1067 888 1145 928 Sex
1198 887 1416 941 Pompeius
1439 885 1549 927 filius
1569 885 1654 941 Cy-

324 961 429 1003 pron
461 945 716 1000 refugerunt.
779 945 927 993 Caesar,
958 946 1047 1001 post
1078 947 1244 987 tertium
1288 945 1396 985 diem
1431 944 1654 994 insecutus,

324 1019 455 1060 quum
475 1004 761 1047 eiTheodotus
777 1015 898 1059 caput
912 1004 1098 1060 Pompeii
1117 1009 1155 1047 δι’
1173 1006 1371 1044 annulum
1386 1003 1650 1052 obtuliffet‚&

324 1063 507 1106 infensus
543 1062 615 1116 cst,
652 1065 690 1103 &
729 1063 997 1105 illacrimavit.
1032 1064 1111 1104 sine
1143 1063 1324 1118 periculo
1357 1061 1654 1103 Alexandriam

324 1124 646 1164 tumultuantem
688 1121 862 1163 intravit.
928 1121 1076 1163 Caesar.
1112 1121 1288 1162 diffitator
1320 1131 1497 1173 creatus,
1531 1120 1655 1161 Cleo-

325 1191 482 1240 patram
510 1181 552 1221 in
574 1195 747 1236 regnum
772 1180 943 1236 AEgypti
965 1181 1141 1229 reduxit,
1175 1184 1214 1222 &
1236 1179 1478 1220 inferentem
1501 1178 1656 1219 bellum

323 1241 467 1282 iisdem
491 1240 726 1281 aufioribus
751 1240 1035 1288 Ptolemaeum,
1070 1238 1219 1292 quibus
1254 1239 1495 1293 Pompeium
1531 1237 1657 1278 inter-

326 1300 495 1348 fecerat,
540 1313 638 1340 cum
672 1313 823 1354 magno
861 1298 932 1338 suo
966 1297 1197 1339 discrimine
1235 1297 1345 1338 vicit.
1408 1296 1658 1337 Ptolem-us

326 1360 426 1399 dum
448 1357 571 1414 fugit,
602 1358 645 1398 in
665 1358 765 1398 Nilo
787 1357 975 1398 navicula
997 1356 1186 1397 subsedit.
1245 1355 1322 1397 ΡΜ
1338 1365 1446 1396 terea
1483 1353 1660 1395 laborio-

326 1417 416 1460 sum
441 1417 506 1458 M.
529 1416 697 1458 Catonis
714 1417 756 1456 in
781 1415 923 1457 Africa
945 1430 1016 1471 per
1037 1415 1191 1456 deserta
1209 1428 1303 1455 curn
1318 1414 1546 1471 legionibus
1563 1412 1658 1465 iter,

332 1479 372 1517 &
410 1475 586 1525 bellum}⁴
628 1491 651 1516 a
685 1476 766 1516 Cn.
801 1475 992 1516 Domitio
1028 1484 1171 1517 contra
1216 1474 1473 1516 Pharnacem
1513 1485 1661 1530 parum

329 1533 517 1592 prospere
539 1533 698 1590 gestum
717 1534 914 1575 continet.

761 1692 994 1735 LIBRI
1058 1691 1232 1733 CXIII.

335 1800 763 1860 CONFIRMATIS
797 1814 839 1854 in
876 1809 1016 1854 Africa
1050 1811 1311 1868 Pompeianis
1343 1812 1542 1868 partibus,
1585 1811 1664 1854 im-

334 1877 494 1933 perium
516 1889 658 1917 earum
693 1876 735 1915 l’.
760 1873 942 1928 Scipiani
981 1873 1162 1913 delatum
1184 1871 1268 1921 est3
1302 1872 1472 1922 Catone,
1506 1871 1572 1912 cui
1612 1885 1663 1915 ex

334 1950 454 1990 aequo
496 1933 752 1978 deferebatur
794 1931 1031 1986 imperium,
1091 1931 1274 1971 cedente.
1351 1929 1403 1970 Et
1441 1944 1571 1985 quum
1613 1929 1664 1972 de

335 1992 537 2034 diruenda
551 1994 648 2033 urbe
669 1987 799 2032 Utica
818 2002 985 2045 propter
1007 1989 1189 2029 favorem
1208 1988 1382 2030 civitatis
1403 1989 1492 2045 ejus
1509 1989 1549 2028 in
1572 1987 1666 2030 Cae-

335 2053 464 2093 sarem
486 2052 792 2099 deliberaretur,
825 2049 948 2104 idque
980 2062 1030 2088 ne
1073 2047 1203 2097 fieret,
1236 2048 1297 2089 M.
1333 2047 1440 2092 'Cato
1462 2046 1672 2096 tenuiss‘et,

335 2111 443 2168 Juba
479 2111 686 2158 suadente,
720 2120 765 2149 ut
801 2108 1058 2156 dirueretur;
1112 2108 1238 2147 tutela
1270 2107 1358 2163 ejus
1401 2109 1438 2147 &
1483 2105 1668 2148 custodia

337 2171 531 2211 mandata
545 2169 602 2210 est
619 2169 779 2208 Catoni.
843 2167 920 2208 Cn.
945 2165 1167 2220 Pompeius
1197 2165 1344 2221 Magni
1366 2164 1474 2206 filius
1497 2164 1539 2204 in
1571 2163 1669 2208 His-

337 2226 472 2283 pania,
504 2226 726 2270 contractis
744 2226 910 2275 viribus,
943 2239 1118 2279 quarum
1141 2225 1337 2265 ducatum
1359 2237 1434 2265 nec
1457 2222 1672 2272 Afranius,

337 2301 414 2328 nec
437 2287 620 2330 Petreius
635 2286 824 2341 excipere
844 2285 1049 2333 volebant,
1083 2283 1235 2324 bellum
1253 2281 1442 2324 adversus
1463 2280 1669 2322 Caesarem

337 2346 562 2387 renovavit.
623 2344 871 2393 Pharnaces,
904 2341 1158 2384 Mithridatis
1181 2341 1305 2391 filius,
1328 2356 1404 2382 rex
1427 2340 1564 2390 Ponti,
1587 2339 1668 2380 fine

342 2401 424 2446 ulla
458 2405 554 2447 belli
596 2400 712 2444 mora
744 2403 878 2443 viCtus
909 2402 981 2443 est.
1075 2400 1220 2456 Quum
1256 2400 1473 2441 seditiones
1515 2398 1668 2439 Romae

340 2479 362 2503 a
400 2464 445 2505 P.
480 2463 696 2506 Dolabella
729 2461 894 2502 tribuno
923 2459 1067 2515 plebis,
1097 2457 1230 2516 Iegem
1273 2458 1431 2499 ferente
1466 2458 1516 2498 de
1553 2456 1670 2498 novis

342 2522 504 2571 tabulis,
521 2521 710 2562 excitatae
731 2520 869 2568 efl'ent,
905 2522 945 2560 δι’
969 2532 1022 2559 ex
1043 2514 1090 2557 ea
1111 2517 1234 2559 causa
1256 2517 1367 2571 plebs
1398 2516 1670 2559 tumultuare-

342 2591 423 2628 tur,
445 2579 626 2621 induetis
660 2595 683 2620 a
716 2580 781 2621 M.
818 2577 999 2619 Antonio
1021 2577 1213 2631 magistro
1248 2577 1434 2632 equitum
1463 2576 1505 2614 in
1527 2572 1670 2613 urbem

342 2639 556 2690 militibus,
587 2638 818 2695 ocss‘tingenti
838 2652 859 2679 e
882 2635 1000 2695 plebe
1021 2635 1109 2678 caesi
1132 2636 1238 2678 sunt.
1300 2634 1437 2678 Caesar
1467 2630 1670 2675 veteranis

1577 2702 1672 2731 cum
