1794 3121
678 196 1110 243 INDEX.

225 326 369 370 axviii,
408 342 458 367 1‘.
481 325 530 366 de
563 329 669 368 coelo
692 326 884 382 tangitur,

224 387 316 426 ibid.

162 443 321 484 Mures
372 444 481 493 duae,
527 447 697 499 receptis
736 453 885 498 praeter

220 501 329 555 spem
351 501 456 550 filiis,
474 504 624 557 gaudio
647 503 884 546 exaniman-

222 570 304 609 tur,
325 561 427 599 xxii.
453 576 489 615 7.

162 617 383 670 Materina,
411 620 529 674 plaga
550 619 592 659 in
613 619 801 669 Umbris,
824 619 879 659 ix.

220 691 289 728 41.

159 734 208 777 C.
235 736 460 780 Matienus,
490 746 650 778 creatur
687 734 880 774 duumvir

215 794 383 844 navalis,
426 796 484 836 xl.
532 797 598 837 26.
637 794 878 848 praedonum

214 853 416 909 Ligurum
439 855 539 894 duas
561 868 606 894 ac
626 852 788 908 triginta
806 866 878 892 na-

213 925 282 953 ves
300 915 422 966 capit,
439 916 509 954 28.

154 967 226 1008 M.
248 971 476 1018 Matienus,
498 979 666 1024 praetor,
689 969 767 1009 xli.
804 984 875 1025 33.

213 1027 379 1069 sortitur
414 1028 656 1083 Hispaniam
709 1030 876 1070 ulterio-

212 1100 319 1141 rem,
343 1087 430 1128 xlii.
463 1103 495 1132 J.
531 1088 579 1129 ab
603 1088 793 1142 Hispanis
811 1089 876 1127 ul-

211 1146 427 1188 terioribus
466 1148 517 1188 ad
568 1157 873 1201 recuperatores

209 1205 430 1254 adduCtus,
559 1206 871 1260 ampliatusque‚

210 1277 341 1317 quum
393 1263 566 1306 dicenda
612 1266 662 1304 de
712 1265 873 1319 integro

210 1322 340 1362 cauffa
373 1323 481 1372 esset,
514 1322 555 1362 in
577 1323 760 1363 exsilium
793 1323 875 1364 abit

207 1379 356 1430 Tibur,
377 1382 483 1422 xliii.
500 1396 540 1425 2.

151 1438 197 1482 P.
222 1438 452 1494 Matienus,
476 1440 660 1482 tribunus
679 1441 873 1490 militum,

210 1498 338 1539 xxix.
360 1506 408 1546 ¹6.
434 1515 456 1540 a
501 1499 715 1550 Pleminio,
750 1499 874 1556 virgis

208 1557 335 1598 cassus
357 1557 618 1609 interficitur,
641 1572 682 1612 9.

149 1616 351 1656 Matrimi.
375 1617 455 1658 vid.
470 1616 656 1658 Patrimi.

148 1675 354 1717 Mati-onze
396 1690 469 1730 per
530 1689 684 1715 annum
729 1673 872 1726 lugent

204 1734 398 1784 Brutum,
421 1749 485 1776 11.
511 1750 549 1791 7.
589 1736 627 1774 &
652 1732 870 1775 Valerium

204 1791 476 1845 Publicolam,
499 1796 558 1835 16.

274 1865 420 1892 aurum
437 1855 476 1893 δε
493 1850 631 1894 omnia
647 1862 869 1891 ornamen-

203 1918 243 1949 ta
262 1910 303 1949 in
329 1911 519 1951 cerarium
553 1909 789 1959 conferunt,
825 1923 866 1948 v.

203 1979 273 2022 25¹.
297 1969 451 2009 obeam
469 1966 796 2010 munificentiam
818 1966 867 2009 iis

205 2028 337 2067 honor
363 2027 541 2078 habitus,
578 2038 623 2068 ut
643 2027 798 2081 pilento
815 2027 867 2066 ad

205 2085 311 2127 sacra
328 2087 544 2141 ludosque,
563 2085 767 2140 carpentis
789 2084 866 2125 fes-

203 2155 245 2183 to
313 2144 576 2200 profestoque
638 2153 866 2196 uterentur,

201 2203 290 2245 ibid.
325 2218 471 2244 aui-um
497 2204 595 2245 item
627 2202 865 2256 conferunt,

198 2263 251 2301 ad
281 2262 481 2302 summam
512 2263 644 2318 pafflae
665 2261 864 2304 mercedis

198 2320 330 2362 Gallis
347 2321 659 2372 conficiendam,
683 2332 750 2372 50.
768 2321 864 2362 hinc

195 2379 446 2430 decernitur,
488 2391 532 2420 ut
568 2394 726 2430 earum,
763 2380 863 2420 ficut

194 2438 392 2486 virorum,
411 2438 624 2480 sollemnes
649 2439 734 2493 post
751 2453 863 2479 mor-

198 2504 282 2536 tem
304 2497 557 2538 laudationes
594 2499 732 2547 essent,
767 2498 862 2540 ibid.

195 2554 244 2594 iis
265 2569 340 2609 pro
371 2569 469 2596 auro
500 2559 676 2610 pretium
710 2556 862 2612 persol-

194 2623 319 2665 vitur,
337 2613 448 2666 vi.,4.

270 2674 464 2717 veneficae
486 2674 536 2715 ad
566 2683 733 2717 centum
769 2673 861 2731 sep-

1575 202 1655 249 491

995 318 1180 375 tunginta
1220 319 1440 370 damnatae,
1473 318 1556 359 viii.
1597 322 1660 366 18.

995 378 1124 432 stupri
1202 378 1418 427 damnatae‚
1486 382 1661 432 pecunia

995 436 1263 485 mulctantur,
1305 452 1348 477 x.
1381 448 1449 489 31,
1483 436 1526 475 in
1554 440 1661 481 exfi-

991 496 1090 535 lium
1114 504 1305 548 aguntur,
1330 509 1439 536 xxv.
1460 507 1500 538 2.

1069 552 1262 594 dedicant
1300 553 1455 605 Junoni
1500 552 1660 609 iignum

996 625 1158 652 aeneum
1205 611 1248 651 in
1299 612 1525 662 Aventino,
1557 614 1657 653 xxi.

991 673 1062 713 62.
1115 673 1214 709 item
1265 672 1417 725 pelvim
1467 686 1652 724 auream,

995 729 1130 771 xxvii.
1161 739 1230 782 37.
1275 743 1348 783 per
1368 729 1507 770 omnia
1542 732 1657 771 delu-

989 789 1060 831 bra
1090 802 1203 843 vagae
1234 787 1441 844 suppliciis
1471 789 1656 845 votisque

988 849 1164 905 fatigant
1181 846 1310 897 Deos,
1334 863 1404 903 50.

929 933 1039 940 -—
1059 920 1153 949 cum
1168 905 1359 961 Scipione
1376 907 1537 949 obviam
1554 918 1654 950 eunt

986 966 1129 1007 Deum
1153 967 1294 1016 Matri,
1312 967 1428 1006 xxix.
1450 978 1514 1016 14.

932 1025 981 1066 de
1005 1026 1295 1067 Matronarum
1318 1028 1432 1067 cultu
1468 1028 1540 1066 lex
1563 1027 1651 1081 Op„

985 1085 1069 1140 pia,
1094 1084 1252 1123 xxxiv.
1275 1099 1306 1125 1.
1345 1098 1488 1125 contra
1508 1100 1650 1126 earum

982 1145 1129 1184 luxum
1152 1142 1282 1184 oratio
1314 1142 1483 1184 Catonis
1505 1144 1651 1184 consu-

979 1203 1043 1253 lis,
1067 1203 1221 1244 xxxiv.
1248 1218 1287 1245 2.
1308 1207 1354 1247 L·
1378 1203 1566 1246 Valerius
1583 1216 1651 1245 eas

977 1262 1178 1312 defendit,
1198 1273 1236 1312 5.

923 1321 1137 1363 Matronas
1159 1321 1347 1375 patricias
1374 1321 1481 1362 inter
1505 1324 1540 1364 ἃ
1562 1324 1649 1377 ple-

982 1380 1093 1436 bejas
1127 1394 1348 1430 certamen,
1373 1393 1417 1421 x,
1460 1393 1530 1436 23.
1566 1384 1644 1427 vid.

980 1440 1193 1480 Mulieres.

924 1497 1107 1539 Matutae
1135 1495 1276 1539 Matris
1297 1497 1405 1537 aedes
1427 1499 1531 1540 intra
1552 1515 1648 1555 por-

984 1566 1069 1597 tam
1120 1556 1428 1600 Carmentalem
1472 1558 1646 1612 refecta,

982 1629 1087 1658 xxv.
1109 1629 1147 1669 7.
1185 1615 1264 1656 vid.
1290 1617 1440 1658 Matris
1458 1621 1644 1663 Matutae.

926 1677 1076 1726 Mauri,
1101 1673 1195 1714 xxi.
1220 1687 1291 1716 22.
1313 1676 1464 1717 xxviii.
1486 1690 1553 1732 17.

922 1735 1140 1786 Maurusii,
1160 1734 1286 1774 xxiv.
1308 1748 1382 1786 49.

923 1794 1096 1836 Maximi
1141 1807 1373 1848 cognomen
1426 1795 1482 1852 Q.
1518 1795 1644 1842 Fabio

977 1852 1134 1905 datum,
1152 1855 1213 1894 ix.
1236 1859 1311 1905 46.

919 1911 1116 1962 Medeon,
1165 1911 1365 1966 oppidum
1410 1911 1643 1956 Labeatidis

977 1980 1111 2023 terrae,
1132 1972 1228 2014 xliv.
1249 1977 1317 2025 23'-
1342 1984 1410 2026 32.

920 2029 1050 2078 Medi,
1067 2030 1225 2084 populi,
1249 2043 1388 2073 xxxv.
1406 2031 1638 2084 48.xxxvii.

976 2102 1045 2140 40.

919 2148 1222 2201 Mediolanum,
1266 2163 1290 2188 a
1335 2148 1468 2191 Gallis
1498 2150 1642 2191 condi-

977 2208 1303 2263 tum,v.34.vid.
1329 2208 1637 2258 &xxxiv.46.

919 2266 1107 2315 Medion,
1136 2267 1338 2322 oppidum
1373 2267 1639 2321 Acarnaniae,

974 2325 1116 2368 xxxvi.
1138 2339 1206 2368 11.
1225 2339 1291 2369 12.

915 2385 1129 2425 Medionii.
1151 2384 1311 2425 xxxvi.
1338 2397 1403 2427 12.

912 2442 1162 2498 Meduacus,
1181 2444 1329 2493 amnis,
1354 2456 1401 2486 Χ.
1422 2457 1462 2488 2.

915 2501 1130 2552 Medullia,
1176 2503 1288 2552 urbs,
1331 2512 1595 2562 oppugnatur
1615 2521 1641 2549 a

974 2559 1188 2613 Romanis,
1211 2564 1237 2603 i.
1261 2573 1333 2617 33·
1350 2563 1432 2604 vid.
1453 2565 1506 2608 &¹
1525 2569 1598 2621 38}

916 2617 1192 2662 Medullinus.
1214 2620 1294 2662 vid.
1318 2622 1479 2666 Furius.

912 2675 1230 2735 Medixtuticus‚
1291 2679 1477 2728 summus
1525 2683 1637 2737 apud

1511 2741 1638 2782 Cam-
