1830 3131
132 257 215 299 285

706 252 1088 296 EPITOMF.
1154 251 1343 306 Lamar

354 364 432 407 niae
455 380 542 418 rex,
572 368 746 409 moriens
768 369 965 422 populum
989 365 1227 406 Romanum
1244 365 1342 406 fecit
1362 364 1568 415 heredem,
1589 377 1679 420 reg-

353 438 537 479 numque
555 427 641 482 ejus
661 427 701 466 in
724 426 942 481 provinciae
972 424 1149 465 formam
1171 424 1385 464 redac'mm
1406 423 1477 464 est.
1544 423 1679 465 Mith-

352 483 516 534 ridates,
549 485 704 526 foedere
723 500 816 525 cum
836 484 1014 526 berterio
1046 483 1147 533 icio,
1177 482 1330 523 bellum
1352 483 1504 537 populo
1522 481 1678 522 Roma-

352 556 406 582 no
428 542 577 584 intulit.
642 546 873 599 Apparatus
897 543 1043 583 deinde
1079 540 1281 596 regiarum
1307 541 1517 595 copiarum
1540 539 1680 595 pedes-

350 601 473 642 trium
509 604 824 657 navaliumque:
858 606 915 652 ἃ,
949 600 1146 655 occupata
1164 598 1369 655 Bithynia,
1401 600 1464 640 M.
1486 598 1681 640 Aurelius

348 659 471 700 Cotta
493 661 631 701 consul
665 664 714 702 ad
753 662 1055 703 Chalcedonem
1093 659 1236 713 proelio
1271 674 1293 699 a
1319 672 1412 713 rege
1455 657 1589 699 vietus
1605 657 1678 698 est.

346 718 485 773 resque
506 735 528 760 a
549 720 746 775 Pompeio
776 723 813 761 &
855 721 1027 762 Metezlo
1062 717 1251 758 adverssls
1290 718 1514 760 Sertorium
1545 715 1676 771 gestas

350 780 556 827 continet3
591 783 658 833 qui
689 780 877 820 omnibus
915 779 1006 818 belli
1043 778 1274 829 militiaeque
1316 774 1469 815 artibus
1492 789 1563 828 par
1584 774 1675 815 fuit.

349 850 450 888 quos
471 837 609 885 etiam,
642 837 691 878 ab
724 838 930 878 obsidione
953 836 1184 891 Calagurris
1207 834 1345 889 oppidi
1367 832 1569 887 depulsos,
1587 836 1678 874 coe-

347 905 403 949 git
426 895 598 936 diversas
619 899 804 951 regiones
829 908 983 950 petere,
1020 895 1238 938 'Metellum
1282 890 1512 934 ulteriorem
1533 891 1679 947 Hispa-

346 953 472 1004 niam,
505 956 747 1009 Pompeium
785 955 982 995 Galliam.

787 1078 826 1119 L
844 1078 864 1119 I
881 1078 916 1119 P,
934 1077 1008 1119 RI
1071 1076 1235 1118 XCIV.

345 1163 458 1241 IA·
492 1192 673 1235 Licinius
725 1193 924 1234 Lucullus
976 1192 1117 1233 consul
1157 1188 1347 1233 adversus
1389 1190 1677 1232 Mithridatem

344 1250 598 1305 equestribus
642 1253 794 1305 procliis
841 1251 1053 1307 pugnavit,
1100 1254 1138 1291 &
1195 1249 1475 1304 expeditiones
1519 1250 1678 1303 aliquot

344 1309 553 1365 prosperas
575 1310 689 1362 fecit,
722 1310 1009 1365 poscentesque
1046 1324 1228 1366 pugnam
1265 1308 1413 1349 milites
1434 1322 1457 1349 a
1479 1306 1676 1348 seditione

344 1368 535 1409 inhibuit.
596 1369 831 1419 Deiotarus,
879 1370 1162 1424 Gallograeciae
1192 1366 1428 1416 tetrarches,
1458 1365 1679 1421 praefers

344 1426 615 1478 Mithridatis,
638 1428 790 1468 bellum
815 1432 853 1468 in
878 1428 1054 1484 Phrygia
1084 1437 1311 1478 moventes,
1343 1425 1506 1467 cecidit.
1566 1425 1677 1466 Prae-

343 1496 452 1525 terea
472 1499 535 1526 res
557 1486 675 1527 aCn.
736 1487 930 1540 Pompeio
967 1487 1009 1526 in
1052 1483 1248 1541 Hispania
1283 1494 1424 1527 contra
1446 1483 1676 1528 Sertorium

343 1543 531 1599 prospere
552 1545 681 1601 gestas
704 1545 899 1585 continet.

790 1658 1022 1701 LIBRI
1084 1656 1223 1699 XCV.

346 1745 435 1822 C.
457 1774 584 1816 Curio
633 1774 848 1828 proconsul
894 1774 1108 1815 Dardanos
1166 1773 1208 1813 in
1267 1772 1445 1814 Thracia
1499 1773 1672 1815 domuit,

343 1833 532 1888 Quatuor
557 1837 594 1874 &
634 1833 885 1888 septuaginta
915 1834 1156 1888 gladiatores
1178 1833 1330 1886 Capuae
1351 1846 1401 1871 ex
1437 1834 1536 1873 ludo
1565 1832 1672 1873 Len-

341 1892 416 1931 tuli
453 1892 748 1948 profugerunt:
783 1895 841 1942 ἃ,
882 1890 1125 1947 congregata
1163 1890 1416 1931 servitiorum
1448 1891 1672 1946 ergastulo-

341 1964 514 2004 rumque
551 1949 827 1997 multitudine,
873 1950 996 1991 Crixo
1033 1953 1072 1992 ὅτ
1122 1950 1320 2004 Spartaco
1354 1948 1528 1990 ducibus
1564 1948 1671 1989 bello

339 2009 534 2060 excitato,
566 2009 786 2050 Claudiurn
828 2008 1055 2049 Pulchrum
1098 2009 1278 2065 legatum
1311 2010 1351 2050 δι’
1384 2007 1433 2050 P.
1455 2007 1669 2048 Varenum

339 2079 555 2120 praetorem
592 2068 740 2122 proelio
777 2067 978 2109 vicerunt.
1041 2068 1091 2108 L.
1135 2067 1330 2109 Lucullus
1371 2065 1585 2121 proconsul
1619 2067 1671 2106 ad

339 2125 541 2181 Cyzicum
584 2126 727 2166 urbem
764 2127 989 2167 exercitum
1041 2125 1296 2168 Mithridatis
1330 2124 1438 2166 fame
1474 2123 1668 2178 ferroque

339 2184 514 2234 delevit3
547 2185 792 2239 pulsumque
836 2185 1026 2240 Bithynia
1049 2198 1204 2240 regem,
1234 2183 1353 2225 variis
1373 2183 1468 2224 belli
1499 2197 1545 2224 ac
1566 2196 1668 2222 nau-

338 2242 562 2299 fragiorum
584 2242 736 2284 casibus
758 2243 952 2296 fractum,
984 2245 1121 2299 coegit
1138 2243 1180 2283 in
1201 2243 1382 2284 Pontum
1401 2240 1635 2298 profugere.

784 2369 1010 2412 LIBRI
1071 2368 1239 2411 XCVI.

340 2464 438 2553 Q,
464 2485 608 2526 Arrius
648 2493 798 2540 praetor
838 2483 1026 2534 Crixum,
1070 2483 1338 2540 fugitivorum
1373 2484 1536 2533 ducem,
1567 2486 1670 2524 cum‘

338 2545 482 2602 viginti
499 2544 676 2585 millibus
693 2543 909 2584 hominum
924 2543 1084 2584 cecidit.
1105 2543 1394 2584 Cn.Lentu1us
1409 2541 1664 2583 consulmale

339 2604 526 2646 adversus
543 2602 783 2656 Spartacum
801 2602 1009 2658 pugnavit.
1030 2601 1095 2643 Ab
1113 2602 1255 2641 eodem
1277 2601 1326 2640 L.
1345 2601 1506 2641 Gellius
1521 2598 1662 2641 consul

341 2667 380 2705 δι
405 2663 478 2720 Q
498 2662 641 2701 Arrius
661 2670 809 2715 praetor
830 2661 914 2700 acie
932 2660 1028 2700 victi
1053 2659 1157 2700 sunt.
1201 2659 1404 2700 Sertorius
1438 2672 1461 2698 a
1490 2657 1663 2699 M.'An-

339 2721 470 2769 tonio,
504 2721 543 2759 δι
565 2720 628 2760 Μ.
650 2719 869 2773 Perperna,
905 2721 943 2760 8<
968 2718 1056 2759 aliis
1077 2717 1298 2772 conjuratis
1328 2724 1369 2760 in
1391 2714 1577 2756 convivio
1599 2714 1663 2754 in·-

339 2778 533 2819 terfectus
563 2775 633 2825 est,
678 2776 824 2817 oetavo
855 2774 1028 2817 ducatus
1067 2776 1126 2815 sui
1167 2788 1274 2814 anno
1292 2789 1303 2815 ε
1346 2786 1520 2829 magnus
1559 2773 1664 2825 dux,

345 2838 381 2877 ἃ
402 2834 589 2877 adversus
626 2835 728 2878 duos
755 2834 1033 2888 imperatores,
1066 2833 1311 2887 Pompeium
1345 2841 1386 2874 et
1425 2832 1661 2909 Metelll-um,

1549 2902 1656 2944 saepe
