1804 3121
420 228 671 284 LIBER
734 234 869 282 x1211.
919 239 1068 292 CAP.
1119 240 1169 282 L.

127 370 256 413 quum
277 359 328 399 ad
359 359 558 414 magnum
591 356 870 413 nobilemque,
903 367 973 398 aut
1003 357 1155 398 virtute
1176 364 1247 398 aut
1277 355 1460 410 fortuna,

123 416 300 468 hostem,
342 430 510 458 euntem
560 415 767 457 consulem
808 421 831 470 ss
866 416 1179 471 prosequuntur.
1243 415 1461 457 Contrahit

123 475 232 516 enim
255 477 339 516 non
358 479 384 528 4
400 475 525 517 officii
545 475 671 516 modo
693 490 807 525 cura,
846 475 914 517 sed
944 477 1082 527 etiam*
1103 475 1279 516 studium
1306 474 1462 530 specta-

122 534 220 584 culi,
257 543 302 574 ut
335 534 500 576 videant
537 535 685 575 ducem
728 534 864 585 suum,
900 535 1020 590 cujus
1057 534 1242 589 imperio·
1275 533 1461 575 confilio-

120 594 200 648 q'u'e
218 592 454 645 “summam
472 594 768 648 rempublicam
786 593 981 634 tuendam
998 593 1283 648 permiserunt.
1304 596 1333 642 ῚῘ
1350 592 1459 634 Sub-

118 651 150 692 it
167 651 316 693 deinde
337 653 532 709 cogitatio
561 653 763 704 animum,
792 652 863 707 qui
883 651 979 693 belli
1001 653 1130 702 casus,
1165 651 1292 706 quam
1326 652 1460 693 incer-

117 719 184 752 tus
199 710 376 753 fortunae
394 725 580 762 eventus,
597 712 910 766 communisque
925 711 1042 753 Mars
1059 711 1154 752 belli
1173 712 1242 752 fit:
1275 710 1459 763 adversa,

116 768 308 821 secunda,
353 786 528 827 quaeque
569 771 723 812 inscitia
767 774 809 813 ὅτ
850 771 1080 811 temeritate
1124 771 1278 812 ducum
1320 771 1457 811 clades

114 827 220 884 saepe
253 831 509 880 acciderint3
542 834 634 884 quae
672 827 815 871 contra
857 829 964 871 bona
1001 829 1220 885 prudentia
1261 832 1299 870 &
1326 828 1455 869 virtus

113 888 310 929 attulerit.
372 890 512 949 Qem
537 889 635 929 scire
659 889 913 940 mortalium,
950 890 1082 930 utrius
1117 888 1286 939 mentis,
1321 888 1454 928 utrius

112 945 292 989 fortunae
315 949 524 989 consulem
561 949 610 988 ad
647 948 801 988 bellum
840 947 1038 989 mittant?
1072 947 1454 1003 triumphantemne

110 1006 212 1048 mox
234 1021 328 1048 cum
350 1007 532 1048 exercitu
561 1006 719 1048 vistere
742 1007 1003 1049 scandentem
1020 1007 1275 1062 Capitolium
1293 1008 1342 1047 ad
1366 1007 1454 1046 eos-
1486 1046 1496 1051 ,

110 1063 207 1105 dem
241 1066 371 1116 Deos,
413 1082 433 1108 a
474 1065 625 1121 quibus
656 1066 953 1121 proficiscatur,
990 1066 1144 1116 visuri,
1180 1081 1228 1107 an
1265 1065 1479 1116 hostibus,

109 1123 199 1164 eam
220 1125 430 1180 praebituri
447 1125 632 1166 laetit'iam
650 1126 722 1166 {int
743 1125 759 1167 ?
819 1125 926 1166 Peri}
952 1134 1088 1166 autem
1121 1125 1222 1180 regi,
1257 1122 1450 1166 adversus

110 1197 235 1236 quem
258 1183 408 1234 ibatur,
438 1184 592 1226 famam
619 1187 656 1225 &
681 1184 789 1225 bello
818 1186 926 1225 clara
948 1185 1230 1226 Macedonum
1262 1198 1379 1238 gens,
1405 1185 1446 1225 &

109 1240 326 1297 Philippus
377 1252 506 1297 pater,
549 1243 655 1283 inter
706 1244 834 1283 multa
887 1243 1075 1298 prospere
1104 1243 1214 1299 gesta
1252 1243 1446 1282 Romano

108 1300 231 1340 etiarn
260 1306 274 1353 ΙΙ
314 1302 551 1343 nobilitatus
586 1302 707 1350 bello,
744 1301 978 1356 praebebat]
1026 1312 1116 1342 tum
1158 1301 1278 1356 ipfius
1308 1301 1445 1341 Persei

106 1372 336 1414 nunquam,
352 1374 400 1400 ex
423 1376 505 1415 quo
528 1364 702 1415 regnum
724 1361 954 1414 accepisset,
973 1361 1143 1400 defitu'm
1166 1359 1261 1400 belli
1280 1359 1445 1413 exspec-

108 1419 262 1459 tatione
291 1419 517 1471 {celebrari
555 1423 721 1459 nomen.
765 1433 860 1459 cum
896 1419 960 1460 his
999 1417 1319 1473 cogitationibus
1353 1426 1443 1458 om-

106 1477 221 1517 nium
254 1477 447 1518 ordinum
477 1478 667 1518 homines
699 1476 1030 1531 proficiscentem
1065 1477 1273 1518 consulem
1305 1477 1442 1531 prose-

105 1536 191 1581 cuti
225 1536 330 1578 sunt.
393 1536 493 1577 Duo
516 1539 579 1592 (1)
602 1535 836 1577 consulares
859 1536 1013 1577 tribuni
1047 1536 1226 1576 rnilitum
1259 1540 1355 1576 eum
1388 1544 1438 1577 eo

101 1594 220 1645 mim,
240 1595 289 1636 C.
312 1595 530 1647 Claudius,
562 1595 842 1652 QMuciu33
879 1597 917 1636 8<
941 1600 1023 1636 tres
1046 1595 1219 1636 illustres
1247 1596 1436 1652 juvenes,

100 1652 148 1694 P.
172 1653 391 1706 Lentulus,
415 1656 455 1696 &
479 1655 562 1695 duo
585 1655 734 1695 Manlii
763 1654 940 1694 Acidini.
965 1655 1066 1695 alter
1087 1657 1150 1709 (2)
1172 1655 1236 1694 M.
1268 1654 1436 1706 Manlii,

100 1713 202 1752 alter
217 1713 266 1754 L.
290 1713 441 1754 Manlii
464 1713 688 1754 filiuserat.
753 1714 860 1754 Cum
876 1713 925 1754 iis
942 1713 1082 1754 consul
1100 1713 1360 1753 Brundisium
1382 1714 1434 1753 ad

99 1771 330 1812 exercitum
354 1771 430 1828 (3),
451 1782 576 1827 atque
599 1773 709 1823 inde,
733 1787 826 1813 cum
851 1772 1043 1813 omnibus
1072 1772 1200 1826 copiis
1231 1772 1434 1814 transvec-

98 1840 179 1879 tus,
198 1832 248 1871 ad
264 1831 547 1887 NymPhaeum
570 1835 610 1871 in
630 1831 889 1886 Apolloniati
905 1845 1002 1886 agro
1020 1831 1154 1886 posuit
1173 1831 1314 1872 castra.

1638 253 1695 296 91‘

154 1890 203 1931 L.
237 1890 396 1931 Paucos
439 1901 532 1932 ante
574 1891 658 1932 dies
701 1890 888 1943 Perseus,
940 1891 1156 1945 postquam
1203 1890 1341 1945 legati,
1379 1890 1430 1931 ab
1452 1905 1573 1948 perseus
1593 1920 1657 1937 m.

96 1947 234 1989 Roma
253 1949 429 2006 regreffi,
445 1951 750 2005 †praeciderant
770 1949 876 2003 spem
895 1950 1021 2003 pacis,
1045 1950 1254 1990 confil‘zum
1272 1949 1541 1995 habuit.stli1-m
1563 1954 1655 1986 haber·

94 2006 158 2047 lbi
180 2007 433 2061 aliquamdiu
455 2009 659 2061 diversis-l.
678 2008 886 2049 sententiis
917 2018 1117 2048 certaturn
1149 2007 1222 2048 est.
1286 2007 1430 2057 Erant,

95 2066 246 2120 quibus
281 2068 344 2107 vel
384 2067 632 2121 stipendium
668 2069 949 2122 pendendum,
973 2067 998 2106 fi
1033 2067 1333 2122 injungeretur,
1364 2069 1428 2107 vel

93 2125 180 2179 agri
202 2137 316 2179 parte
349 2128 596 2176 cedendum,
634 2126 659 2165 fi
695 2124 974 2173 mulctarent,
1018 2126 1216 2178 quidquid
1249 2126 1426 2180 denique

92 2184 202 2224 aliud
230 2184 341 2239 paci&
362 2185 479 2225 causa
502 2185 741 2241 patiendum
764 2184 874 2234 effet,
906 2197 988 2224 non
1012 2185 1282 2226 recusandum
1315 2185 1427 2225 vide-

90 2241 219 2292 retur,
254 2257 331 2285 nec
368 2244 727 2289 committendum,
752 2255 797 2283 ut
838 2243 917 2297 in§
951 2244 1080 2283 aleam
1113 2244 1216 2283 tanti
1249 2242 1364 2284 casus
1386 2243 1426 2284 se

91 2314 349 2358 regnumque
370 2303 497 2346 daret.
564 2303 605 2344 Si
616 2300 767 2360 pffffio
794 2301 900 2342 haud
915 2302 1092 2356 ambigua
1115 2304 1222 2358 regni
1243 2311 1423 2352 maneret,

1305 2361 1423 2401 multa

137 2479 174 2511 C.
199 2488 252 2521 49.
275 2478 331 2520 (ι)
344 2478 425 2510 Vid.
444 2478 540 2522 supra
558 2481 628 2510 not.
646 2488 678 2512 1.
696 2479 738 2511 ad
757 2490 787 2512 c.
807 2488 861 2518 17.
886 2478 909 2510 l.
927 2477 981 2519 36.
1029 2478 1127 2522 Qod
1145 2478 1179 2510 hi
1197 2485 1271 2510 cum
1290 2479 1422 2511 cotisule

87 2525 160 2568 mff
175 2523 340 2561 dicuntur,
365 2523 488 2556 indicio
509 2524 563 2562 est,
582 2525 617 2555 id
640 2535 680 2556 ex
695 2525 782 2556 sete.
799 2526 924 2556 faustum
948 2522 1054 2564 fuisse.
1100 2524 1178 2556 Vid.
1194 2525 1290 2567 supra
1308 2528 1336 2557 c'.
1361 2535 1418 2566 35.

92 2570 122 2601 &
140 2570 162 2601 l.
179 2581 235 2612 44.
253 2581 281 2603 c.
303 2580 356 2603 21.
373 2569 471 2601 infra.
507 2572 562 2614 Q
576 2570 729 2602 Mucium
748 2570 867 2602 deinde
881 2580 950 2611 cap.
970 2569 1026 2608 67.
1047 2571 1169 2611 legulam
1181 2573 1250 2612 cons
1262 2575 1297 2602 lis
1315 2579 1422 2603 vocat.

86 2615 144 2657 (2)
158 2617 349 2648 Praenomen
366 2624 561 2658 corruptum
578 2615 640 2648 effe
655 2616 799 2647 videtur.
833 2618 940 2657 Supra
957 2614 1045 2647 enim
1063 2614 1082 2644 l.
1097 2615 1129 2646 6.
1146 2627 1172 2647 c.
1189 2626 1240 2648 20.
1260 2628 1420 2649 memora-

88 2661 137 2694 vit
152 2661 268 2694 Livius
283 2661 389 2705 gentis
407 2661 545 2693 Manliae
563 2662 698 2693 decreto
715 2669 848 2693 cautum
864 2660 936 2699 effe,
951 2671 993 2692 ne
1006 2660 1076 2700 quis
1090 2661 1207 2694 deinde
1237 2665 1294 2694 M.
1322 2665 1419 2694 Mun-

86 2709 140 2738 }ius
155 2716 340 2740 vocaretur.
385 2709 443 2748 (3)
460 2708 610 2739 Verbum
639 2707 717 2739 huic
749 2706 917 2739 sententiae
946 2705 1049 2738 deesse
1069 2706 1175 2738 censet
1203 2708 1419 2740 Drakenbor-

86 2752 190 2792 chius‚
202 2753 423 2796 &legendum
440 2752 574 2796 conjicit
587 2756 628 2783 ad
640 2755 795 2785 exercitum
819 2753 901 2784 abiit.
958 2751 1042 2782 Mihi
1060 2753 1194 2785 videtur
1207 2753 1419 2797 participium

80 2801 227 2853 prestans
243 2810 283 2834 ex
294 2798 387 2833 sensu
399 2799 620 2844 supplendum
636 2797 711 2834 effe.
755 2797 838 2831 vid.
854 2800 868 2842 η
888 2798 1006 2830 verbum·
1025 2799 1084 2830 &c.
1097 2800 1137 2832 E.
