1794 3121
748 201 770 242 1
827 201 871 244 N

162 327 303 371 Locris
344 327 386 369 in
435 327 617 379 Graecia,
662 327 781 370 xxvi.
817 329 884 371 26.

217 387 367 428 xxviii.
389 389 429 429 6.

152 445 428 488 Locustarum
451 445 512 486 vis
532 446 696 500 ingens,
742 446 798 487 ita
823 455 881 497 ut,

211 506 321 546 unde
344 504 606 554 advenissent,
621 519 766 560 parum
781 519 881 546 con-

209 564 348 613 staret,
378 566 483 605 circa
504 563 695 619 Capuam
713 578 879 604 omnem

207 637 354 678 agrum
372 624 594 679 complevit
631 637 713 665 xxx
743 636 779 665 2.
799 623 878 665 vid.

205 691 242 722 et
262 683 349 724 xlii.
378 696 416 725 2.
439 697 581 724 earum
603 694 729 722 tantae
750 681 878 723 nubes

205 755 228 782 a
252 742 354 783 mari
377 753 498 783 vento
522 742 563 782 in
606 742 800 796 Apuliam
831 741 873 780 il-

202 801 274 843 lat
278 820 315 851 i,
348 813 394 842 ut
415 800 679 842 examinibus
703 800 781 841 suis
798 802 878 840 late

203 873 323 915 agros
347 861 571 916 operirent,
596 860 680 900 xlii.
732 874 772 900 0.

146 915 366 974 Longarus
405 919 559 960 bellum
592 933 687 959 cum
723 918 878 959 Deme-

203 978 297 1044 trio,
326 983 350 1016 l
355 977 502 1033 hilippi
532 977 792 1019 Macedonia:
813 992 876 1019 re·

201 1037 265 1092 gis
286 1047 415 1092 patre,
430 1036 561 1092 gessit,
578 1052 602 1076 x
638 1037 693 1078 xi.
718 1040 785 1078 28.

144 1092 334 1152 Longula
352 1097 564 1152 oppidum.
591 1096 631 1136 ii.
655 1108 724 1150 33.
742 1111 763 1136 a
789 1095 875 1136 Co-

203 1155 363 1196 riolano
400 1155 603 1196 Romanis
663 1155 874 1205 adimitur,

205 1225 274 1270 39.
301 1215 381 1255 vid.
404 1223 439 1254 et
460 1215 523 1255 ix.
550 1228 618 1269 39,

147 1271 412 1329 Longuntica
458 1274 572 1313 xxii.
599 1285 669 1314 20.

146 1333 254 1374 Lora
270 1333 310 1372 in
330 1333 446 1373 usum
461 1333 540 1373 cibi
551 1330 794 1380 versa,xxiii,
807 1344 872 1385 19.

146 1392 364 1442 Loracina,
388 1392 552 1440 fluvius,
576 1391 677 1431 xliii.
698 1393 737 1432 6.

143 1450 328 1493 Loricati
378 1452 553 1506 equites,
609 1462 748 1492 xxxv.

202 1523 361 1550 xxxvii.
380 1524 433 1564 40

142 1567 342 1625 Loryma,
384 1579 544 1624 portus,
589 1566 758 1608 xxxvii.
803 1578 869 1620 17.

200 1628 346 1683 viginti
367 1630 505 1683 paullo
538 1627 714 1683 amplius
745 1625 873 1670 millia

200 1686 250 1727 ab
286 1707 289 1710 >
317 1687 428 1728 hodo
451 1687 576 1737 abest,
599 1688 684 1728 xlv.
714 1699 779 1726 10.

140 1745 231 1787 Lua
255 1745 407 1796 Mater,
437 1747 519 1789 viii.
553 1761 585 1788 ι.
606 1747 642 1787 ei
664 1760 774 1785 arma
792 1758 873 1785 cae-

197 1805 335 1845 sorum
357 1806 602 1848 Volscorum
619 1807 712 1845 data
735 1819 755 1843 a
773 1818 872 1844 con-

197 1863 300 1916 sule,
319 1865 406 1905 ibid.
427 1866 613 1906 eidicata
632 1864 756 1919 spolia
779 1861 872 1903 hos-

198 1922 321 1976 tium,
344 1925 423 1964 xlv.
450 1939 518 1991 33.

142 1978 273 2029 Luca,
298 1983 409 2031 urbs,
431 1984 514 2025 xxi
542 1997 609 2039 50
633 1997 683 2024 eo
706 1958 870 2022 colonia

201 2041 394 2090 deducta,
419 2043 494 2084 xli.
522 2057 578 2094 17.

144 2099 308 2140 Lucani
332 2110 519 2155 pugnant
553 2115 646 2142 cum
671 2097 870 2139 Samniti-

200 2157 275 2198 bus
327 2160 518 2200 adversus
574 2158 872 2200 Alexandrum

199 2216 457 2272 Epirensem,
475 2219 543 2258 viii
613 2235 645 2273 7.
665 2216 872 2271 recipiun-

200 2286 267 2316 tur
290 2292 312 2317 a
339 2277 543 2320 Romanis
566 2279 606 2317 in
632 2278 773 2318 fidem.
805 2290 869 2330 19.

200 2334 360 2377 foedere
375 2336 417 2376 in
427 2336 652 2378 amicitiam
663 2334 871 2390 accip³un-

198 2403 283 2446 tur,
340 2409 408 2447 25.
460 2397 675 2446 deficiunt,
728 2393 872 2437 fraude

198 2451 378 2508 impulsi,
423 2469 487 2511 27.

197 2511 365 2568 gionem
408 2513 620 2556 transeunt
654 2512 868 2554 exercitus

201 2573 400 2627 Romani,
426 2576 485 2616 ix.
508 2586 578 2616 20.
601 2573 868 2613 Lucanorum

198 2643 388 2674 oratores.
406 2641 552 2689 petunt
585 2632 624 2671 in
649 2630 868 2672 amicitiam

199 2691 493 2737 Romanorum
534 2690 674 2747 recipi,
710 2707 751 2733 x.
797 2703 813 2732 1
828 2703 867 2732 1.

801 1451 870 1498 48.

532 2456 574 2495 in
611 2468 754 2496 eorum
805 2468 882 2495 rer

928 199 970 242 D
1033 199 1068 242 E
1127 202 1182 243 X.
1581 215 1662 257 471

993 325 1134 367 foedus
1178 341 1274 367 cum
1315 327 1362 369 iis
1399 328 1547 378 iCtum,
1591 342 1659 369 12.

991 399 1137 426 eorum
1181 385 1324 426 seditio
1356 387 1660 442 comprimitur,

997 459 1010 486 i
1024 446 1065 485 8.
1088 443 1287 484 deficiunt
1303 446 1354 485 ad
1371 446 1538 497 Poenos,
1555 447 1657 488 xxii.

993 506 1017 542 6
1027 515 1062 542 1.

931 559 1201 602 Lucanorum
1254 561 1411 615 aliquot
1463 562 1660 618 ignobilia

986 621 1139 675 oppida
1183 630 1398 675 expugnat
1445 621 1512 661 Ti.
1542 630 1661 665 :iem-

987 679 1176 733 pronius‚
1211 679 1370 727 consul,
1413 691 1519 721 xxv.
1554 698 1585 722 l.
1617 682 1660 722 in

989 738 1171 780 Lucanis
1194 739 1314 793 perit,
1346 738 1407 778 16.
1442 740 1597 781 dedunt
1620 741 1659 781 se

989 798 1208 850 Romanis,
1245 797 1373 840 xxvii.
1406 811 1469 854 15.
1512 800 1655 842 xxviii.

993 869 1060 902 11,

927 914 1110 957 Lucanae
1133 916 1315 972 legiones
1349 915 1453 970 saepe
1478 915 1579 959 fuste
1602 917 1652 958 ab

990 977 1226 1018 Alexandro
1247 975 1448 1030 Epirenfi,
1478 977 1560 1017 viii.
1590 988 1655 1025 24.

930 1033 1082 1076 Lucani
1103 1043 1280 1086 montes,
1304 1036 1362 1075 ix.
1395 1048 1458 1088 17.

925 1092 1120 1135 Lucanus
1143 1093 1263 1135 exsul
1286 1104 1429 1134 veruto
1452 1094 1657 1148 transfigit

985 1154 1271 1194 Alexandrum
1300 1153 1552 1208 Epirensem,
1571 1154 1656 1194 viii.

986 1225 1057 1264 24.

924 1269 1123 1320 Luceres,
1157 1271 1286 1312 tribus
1317 1271 1503 1324 antiqua,
1535 1269 1562 1308 i.
1593 1281 1654 1321 ¹3-

982 1347 1024 1371 Χ.
1042 1333 1081 1374 6.
1106 1331 1294 1386 equitum
1313 1327 1555 1376 centuria,i.
1590 1342 1657 1383 13.

925 1403 1115 1498 Lu{eria,
1132 1447 1245 1513 urbs,
1284 1447 1346 1488 ἰΧ.
1401 1478 1407 1486 .
1450 1458 1513 1487 12.
1537 1446 1651 1486 xxii.

980 1521 1023 1561 9
1051 1506 1175 1546 xxiii.
1209 1519 1278 1560 37.
1316 1505 1429 1545 xxiv.
1465 1518 1505 1559 3.
1540 1506 1583 1545 in
1605 1519 1652 1546 ea

979 1566 1120 1610 servati
1145 1565 1302 1607 obfides
1352 1568 1653 1616 Romanorum,

980 1626 1030 1666 ad
1050 1625 1262 1666 Caudium
1282 1624 1364 1665 dati
1382 1624 1653 1676 Samnitibus,

980 1685 1037 1726 ix.
1058 1699 1121 1728 12.
1145 1684 1293 1725 obseffa
1320 1688 1355 1725 δι
1384 1693 1502 1736 capta
1518 1698 1539 1723 a
1560 1684 1651 1724 Ro-

980 1747 1125 1793 manis,
1176 1759 1217 1799 5.
1240 1743 1374 1784 amissa
1407 1744 1446 1782 &
1465 1753 1645 1796 recepta,

979 1805 1035 1845 26
1071 1804 1232 1845 colonia
1249 1817 1298 1843 eo
1320 1799 1514 1847 deducita,
1558 1802 1646 1842 ibid.

978 1872 1243 1918 oppugnatur
1298 1876 1321 1902 a
1378 1860 1648 1910 Samnitibus,

982 1933 1010 1960 Χ
1047 1934 1116 1977 35.

921 1978 1135 2030 Lucerini,
1164 1979 1223 2021 ix.
1260 1992 1300 2021 2.
1323 1980 1370 2020 ad
1396 1977 1648 2019 Lucerinum

979 2038 1105 2080 finem
1124 2049 1353 2094 pugnatum
1376 2052 1471 2078 cum
1488 2036 1649 2076 Samni-

978 2099 1103 2148 tibus,
1145 2100 1249 2140 duce
1300 2097 1424 2139 Atilio
1466 2095 1648 2145 consule,

979 2171 1023 2199 Χ.
1044 2172 1112 2214 35.
1148 2157 1200 2199 ob
1231 2157 1428 2197 servatam
1466 2154 1591 2194 fidem
1623 2169 1647 2195 a

984 2217 1185 2260 Romanis
1205 2213 1441 2264 laudantur,
1446 2213 1570 2253 xxvii.
1582 2227 1647 2253 1⁶.

922 2274 957 2316 Ι
961 2277 1134 2328 ueretia,
1156 2291 1265 2317 uxor
1291 2281 1298 2313 ἱ
1326 2272 1529 2321 ollatini,
1520 2288 1550 2315 ι.
1575 2284 1646 2327 57.

981 2310 1167 2390 stupruin
1190 2335 1227 2375 ei
1261 2348 1333 2389 per
1356 2333 1439 2372 vim
1461 2331 1647 2372 oblatum

979 2408 1001 2433 a
1020 2394 1116 2435 Sex.
1143 2394 1383 2448 Tarquinio,
1410 2394 1475 2442 58.
1491 2391 1558 2431 illa
1575 2406 1648 2431 vo—

980 2462 1046 2493 cat
1081 2463 1237 2507 patrem
1286 2455 1327 2494 &
1365 2450 1518 2503 virum,
1551 2450 1644 2492 ibid.

979 2512 1113 2552 cultro
1132 2511 1170 2552 se
1193 2513 1359 2562 occidit,
1381 2509 1470 2550 ibid.

921 2571 974 2615 C.
997 2569 1234 2624 Lucretius,
1267 2568 1460 2612 duumvir
1479 2568 1654 2619 navalis,

976 2630 1042 2669 xl.
1061 2632 1130 2672 26.

1490 2685 1542 2728 C.
1559 2685 1647 2730 Lu.-
