1830 3131
639 404 1007 453 RELIQUORUM

427 608 477 663 T
539 609 742 664 LIVII
784 606 1241 671 LIBRORUM‚

531 862 632 902 QUI
674 861 1124 913 DESIDERANTUR,

790 974 809 995 ἑ.

347 1095 1303 1173 EPITOMAE.

637 1615 800 1659 LIBRI
862 1615 1027 1657 XLVI.

174 1736 488 1817 EUMENES
511 1786 582 1814 rex
603 1772 787 1816 Romam
806 1773 921 1817 venit
943 1788 953 1814 :
988 1772 1076 1828 qui,
1112 1770 1208 1828 quia
1233 1773 1502 1822 Macedonico

170 1832 283 1874 bello
305 1833 491 1874 medium
523 1843 676 1889 egerat,
715 1848 766 1874 ne
788 1842 859 1875 aut
889 1832 1015 1874 hostis
1044 1833 1252 1889 judicatus
1285 1836 1506 1889 videretur,

174 1892 202 1933 fi
218 1891 406 1934 exclusus
427 1892 536 1942 esset,
555 1903 624 1933 aut
645 1892 839 1935 liberatus
857 1892 1043 1942 crimine,
1068 1891 1093 1931 fi
1115 1892 1428 1945 admitteretur,
1417 1913 1425 1921 ·
1463 1898 1506 1938 in

174 1965 397 1992 commune
426 1951 490 1991 lex
512 1952 593 1992 lata
614 1951 687 2004 est,
710 1966 759 1992 ne
782 1952 848 1993 cui
872 1951 958 2007 regi
991 1951 1123 1991 Roma
1121 1966 1173 1991 m
1195 1967 1269 1992 aen
1275 1953 1329 1994 {re
1348 1955 1505 1997 liceret.

175 2009 373 2051 Claudius
399 2011 622 2051 Marcellus
655 2010 795 2051 consul
821 2011 996 2065 Alpinos
1021 2010 1183 2060 Ganos,
1216 2011 1264 2053 C.
1297 2013 1369 2053 Sc}
1362 2014 1508 2069 picius

177 2069 326 2110 Gallus
346 2068 488 2110 consul
508 2068 682 2123 Ligures
700 2068 872 2139 subegit.
936 2069 971 2109 Ι
975 2070 1082 2125 egati
1108 2069 1258 2111 Prufiae
1282 2073 1385 2127 regi
1412 2087 1509 2114 on-

174 2127 308 2182 questi
338 2127 432 2168 sunt
459 2129 509 2168 de
553 2127 755 2179 Eumene,
793 2126 907 2182 qubd
932 2128 1049 2169 fines
1085 2127 1175 2169 suos.
1215 2133 1338 2184 popu
1332 2144 1506 2176 aretur

174 2187 468 2241 dixeruntque,
491 2200 587 2227 eum
608 2186 846 2254 conspiraffe
865 2202 961 2228 cum
988 2186 1196 2228 Antiocho
1218 2200 1359 2230 contra
1377 2205 1510 2245 popu-

173 2247 262 2287 lum
300 2246 556 2287 Romanum.
634 2246 817 2289 ξοεὶεῒαε
846 2261 942 2287 curn
979 2245 1157 2287 Rh0d1s
1194 2247 1509 2302 deprecantibus

170 2300 317 2361 juncia
338 2305 410 2346 est.
473 2302 709 2347 Lustrum
693 2321 716 2346 a
738 2305 972 2347 censoribus
1005 2305 1220 2347 conditum
1243 2307 1314 2347 est.
1377 2307 1510 2348 Censa

175 2362 270 2405 sunt
290 2363 442 2405 civium
465 2365 598 2420 capita
621 2376 801 2406 trecenta
833 2364 979 2421 viginti
1013 2364 1166 2420 septem
1200 2365 1328 2405 mimia
1364 2365 1510 2421 viginti

176 2423 273 2463 duo.
337 2422 535 2477 Princeps
576 2423 737 2466 senatus
779 2424 911 2465 letius
957 2423 1020 2464 M.
1065 2423 1264 2464 AEmi³ius
1307 2424 1508 2478 Lepidus.

122 2517 124 2519 ,
177 2480 427 2522 Ptolemaeus
465 2481 637 2538 AEgypti
677 2497 762 2529 rex,
797 2483 937 2538 pulsus
967 2496 1094 2537 regno
1124 2496 1145 2520 a
1172 2482 1330 2522 minore
1368 2482 1509 2535 fratre,

179 2540 302 2581 miffis
324 2540 374 2579 ad
392 2553 488 2583 eum
511 2541 670 2596 legatis,
690 2541 901 2581 restitutus
919 2540 990 2581 est.
1051 2540 1270 2581 Ariarathe
1292 2540 1511 2609 Cappado-

179 2599 255 2642 ciae
275 2612 369 2653 rege
388 2609 568 2649 mortuo,
586 2599 694 2640 filius
711 2600 799 2654 ejus
817 2598 1053 2640 Ariarathes
1071 2612 1245 2654 regnum
1269 2600 1442 2656 accepit,
1465 2604 1510 2644 &

175 2657 401 2713 amicitiam
431 2672 525 2698 cum
562 2660 713 2713 populo
748 2658 942 2698 Romano
979 2671 1050 2711 per
1090 2658 1245 2713 legatos
1285 2660 1508 2702 renovavit.

179 2716 269 2758 Res
291 2710 487 2772 praeterea
519 2717 707 2759 adversus
731 2716 916 2773 Ligures,
952 2718 990 2757 &
1016 2716 1180 2769 Corsos,
1213 2719 1254 2758 δι’
1276 2717 1508 2770 Lustanos,

181 2775 293 2816 vario
314 2785 464 2816 eventu
486 2776 634 2833 gestas,
673 2779 713 2820 &
744 2786 884 2818 motus
916 2775 1060 2835 Syriae,
1095 2785 1260 2818 mortuo
1279 2778 1382 2820 Anti
1384 2777 1511 2830 ocho,

242 2836 367 2876 TOM.
399 2834 497 2877 VII
851 2835 879 2878 S
998 2878 1001 2879 γ
1436 2837 1509 2892 qui
