1794 3121
705 158 1143 210 INDEX.
1524 173 1601 220 561

161 294 246 348 ejus
267 293 395 334 oratio
419 293 467 332 ad
495 291 600 340 suos,
630 306 700 344 41.

183 352 393 409 Qintius.
429 350 614 390 triumvir
646 352 816 391 coloniae

165 411 432 454 deducendae,
455 409 537 448 viii.
559 410 624 449 16.

104 466 156 509 T.
183 469 378 515 Quintius
401 467 625 521 Crispinus„
646 466 817 522 praefec-

161 535 226 566 tus
247 540 267 564 a
298 526 487 565 xiarcello
524 525 628 565 classi
659 524 812 566 castris-

162 597 241 636 que
311 583 530 632 veteribus,
585 583 695 626 xxiv.
744 593 811 637 39.

161 653 495 695 praetorcreatur,
513 643 640 682 xxvii.
664 644 704 683 6.
731 641 812 681 sor-

161 699 260 739 titur
278 699 476 754 Capuam‚
502 713 539 753 7.
569 701 721 749 consul,
742 713 809 741 21.

159 759 410 807 vulneratur,
435 771 499 813 27.
516 757 700 799 fraudem
720 759 810 798 An-

159 816 300 857 nibalis
331 816 561 866 antevertit,
599 821 668 859 28.
692 819 813 857 mori-

160 884 226 914 tur
246 889 293 914 ex
313 876 492 924 vulnere,
517 887 586 927 33.

101 931 152 972 T.
183 933 340 988 Quintii
380 933 566 987 Crispini,
611 934 650 972 δι’
696 932 811 972 Badii

158 991 357 1045 Campani
372 992 568 1046 singulare
585 998 811 1044 certamen,

158 1062 261 1088 xxv.
295 1052 353 1090 ¹8.

98 1104 155 1161 Q
172 1108 362 1152 {Quintius
378 1108 645 1148 Flamininus.
666 1107 810 1147 trium'-

156 1165 216 1199 ’ἦν
239 1168 287 1207 ad
324 1166 594 1221 supplendum
631 1166 807 1207 Venuli-

153 1224 216 1264 nis
279 1227 519 1266 colonorum
589 1238 805 1265 numerum

155 1294 332 1331 creatur,
359 1283 475 1325 xxxi.
495 1298 563 1337 49.

171 1354 219 1380 ex
244 1341 446 1395 quaestura
461 1341 713 1383 consulatum
734 1354 803 1395 pe-

153 1398 214 1447 tit,
249 1403 306 1449 ὰ,
347 1400 660 1441 reclamantibus
701 1401 804 1440 duo'-

149 1457 224 1498 bus
242 1459 414 1499 tribunis
451 1459 592 1514 plebis,
622 1457 803 1512 adipisci-

147 1517 229 1565 t'ur,
260 1517 384 1557 xxxii.
432 1532 468 1571 7.
504 1516 668 1557 sortitur
708 1531 802 1570 pro-

144 1575 631 1622 vinciamMacedonium,
649 1583 688 1614 ὅ.
706 1589 801 1628 pro-

146 1632 268 1674 ficisci
306 1644 493 1682 maturat,
531 1649 568 1687 9.
592 1634 678 1687 ejus
701 1647 796 1673 cum

145 1690 338 1746 Philippo
407 1692 677 1746 colloquium,
737 1705 799 1733 ιο.

147 1751 234 1801 ejus
267 1766 329 1791 res
358 1753 498 1804 gestae,
536 1763 689 1790 loz-12.
736 1764 801 1804 13.

149 1820 214 1862 15.
239 1824 301 1860 ¹7·
333 1813 394 1850 18.
414 1809 581 1849 auetore
611 1822 675 1856 eo,
695 1809 802 1863 lega·-

145 1867 213 1906 tia
252 1867 375 1907 fratre
417 1869 504 1922 ejus
548 1868 599 1907 L.
622 1866 800 1924 Qintio

145 1926 195 1964 ad
236 1927 416 1967 Achaeos
453 1927 685 1973 mittuntur,
733 1938 798 1979 19.

146 1984 317 2024 Uatiam
352 1986 473 2038 capit,
513 1996 577 2032 24.
599 1984 634 2023 ei
658 1998 799 2036 proro-

145 2044 286 2097 gatum
334 2043 565 2095 imperium,
605 2047 670 2082 28.
709 2042 798 2096 ejus

144 2115 239 2140 cum
265 2115 356 2156 rege
375 2101 565 2154 Philippo
600 2099 797 2153 colloqui-

143 2173 229 2208 um,
254 2172 323 2213 32.
363 2159 519 2214 &fiq-
558 2158 595 2197 ei
627 2158 796 2198 liberum

144 2217 353 2258 arbitrium
370 2218 479 2271 pacis
500 2231 544 2258 ac
562 2216 656 2256 belli
685 2232 706 2256 a
737 2216 794 2256 se-

139 2286 237 2315 natu
274 2277 520 2330 permistum,
555 2289 620 2329 37
661 2274 794 2317 Jx'abin

141 2344 361 2388 tyrannum
408 2335 608 2375 Romanis
657 2333 796 2375 conci·

141 2393 229 2442 liat,
251 2407 318 2448 39.

169 2451 260 2491 itin
302 2452 521 2497 Boeotiam,
560 2450 719 2491 xxxiii.
756 2465 790 2492 ι.

140 2508 364 2564 ingreditur
383 2509 563 2562 Thebas,
580 2509 665 2551 ibid.
689 2510 792 2550 13oe-

137 2579 228 2609 otos
265 2569 304 2608 in
330 2568 560 2609 societatem
594 2567 788 2618 adsciscit,

140 2638 178 2666 2--
208 2628 257 2668 ad
280 2627 576 2682 Thermopylas
597 2625 722 2677 venit,
747 2639 786 2681 3.

937 293 1200 347 progreditur
1266 292 1439 350 Xynias,
1503 295 1594 336 ibid.

937 352 1150 390 contendit
1219 353 1268 392 ad
1335 352 1591 406 Philippum,

937 409 1026 448 ibid.
1047 418 1181 448 movet
1204 410 1329 450 castra
1355 412 1404 450 ad
1425 410 1592 452 Thebas

935 465 1202 515 Phthioticas,
1258 483 1297 522 5.
1345 468 1491 521 proelio
1543 472 1592 510 ad

930 523 1258 579 Cynoscephalas
1276 525 1401 576 vincit
1433 527 1591 582 Philip-

929 595 1046 636 pum,
1072 598 1107 636 7.
1135 592 1170 622 et
1194 584 1299 637 quq.
1343 584 1504 626 AEtolos
1527 586 1592 626 of-

930 639 1076 690 fendit,
1118 654 1180 681 11.
1214 640 1425 681 consilium
1467 643 1588 684 habet

930 699 980 739 de
1011 713 1125 754 pice
1165 712 1230 740 12.
1272 701 1360 755 ejus
1392 702 1592 754 colloqui-

931 771 1000 796 um
1026 759 1074 798 ad
1112 759 1272 812 Tempe
1309 772 1403 798 cum
1435 758 1588 813 Philip-

930 830 1001 870 po,
1032 828 1098 869 13.
1122 816 1304 857 inducias
1334 816 1371 856 ei
1414 828 1588 870 quatuor

933 874 1131 914 mensium
1154 874 1360 924 concedit,
1378 875 1465 916 ibid.
1489 877 1588 917 Βαῖ-

930 943 1036 975 oros.
1063 934 1172 986 quod
1197 935 1348 973 multos
1371 933 1585 975 Romanos

930 1005 1002 1045 per
1061 991 1273 1031 latrocinii
1342 992 1582 1042 occiderint,

929 1051 1113 1100 mulctat,
1154 1063 1223 1103 29.
1261 1050 1510 1104 promulgari
1541 1051 1582 1090 in

929 1109 1035 1148 ludis
1058 1107 1234 1148 Isthmiis
1275 1119 1390 1149 Curat
1423 1108 1583 1149 liberta-

926 1178 1009 1205 tem
1035 1168 1222 1214 Graec‘iae,
1264 1179 1406 1221 32—34.
1436 1167 1472 1207 ei
1489 1181 1586 1221 pro-

925 1237 1092 1280 rogatur
1114 1225 1348 1278 imperium,
1376 1238 1446 1278 43.

952 1285 1040 1338 ejus
1072 1283 1228 1339 justitia
1272 1287 1312 1324 δε
1351 1294 1582 1338 temperan-

924 1341 994 1390 tia,
1018 1344 1159 1381 xxxiv.
1186 1355 1255 1383 22.
1289 1343 1447 1381 adeum
1470 1342 1583 1383 sena·

923 1401 1221 1440 tusconsultum
1265 1400 1443 1450 miffum,
1496 1416 1580 1456 quo

921 1458 1110 1498 adversus
1152 1458 1287 1499 Nabin
1324 1459 1476 1498 bellum
1507 1461 1579 1499 de-

923 1528 1098 1566 cretum,
1114 1516 1200 1556 ibid.
1224 1526 1472 1557 conventum
1487 1531 1579 1557 om-

921 1575 1036 1614 nium
1092 1575 1290 1615 sociarum
1330 1575 1579 1624 *civitatium

916 1633 1189 1682 legationibus
1253 1634 1381 1674 edidit
1432 1634 1578 1674 Corin-

921 1691 1052 1739 thum,
1077 1692 1164 1732 ibid.
1188 1693 1274 1747 ejus
1315 1694 1366 1732 ad
1405 1692 1576 1735 Graecos

919 1749 1068 1799 oratio,
1101 1751 1189 1790 ibid.
1227 1751 1457 1791 exercitum
1501 1752 1579 1791 du-

917 1810 970 1847 cit
998 1808 1149 1862 Argos,
1173 1821 1239 1862 ²5-
1258 1810 1358 1862 petit
1379 1809 1576 1849 Lacedae-

918 1880 1099 1914 monem,
1126 1870 1189 1907 26.
1223 1868 1311 1923 ejus
1353 1881 1416 1907 res
1451 1868 1573 1922 gestae

917 1924 957 1963 in
998 1938 1046 1964 eo
1092 1924 1214 1974 bello,
1258 1928 1310 1967 26
1336 1936 1404 1979 29.
1449 1927 1574 1967 collo·-

914 1983 1060 2036 quium
1084 1996 1176 2023 cum
1218 1983 1390 2032 Nabide,
1427 1998 1573 2039 30·32.

915 2041 1043 2081 socios
1085 2041 1133 2081 ad
1191 2056 1333 2096 pacem
1367 2042 1570 2093 hortatur,

915 2112 986 2153 33.
1012 2114 1076 2154 34.
1112 2113 1194 2153 pax
1235 2101 1451 2141 convenire
1486 2114 1571 2141 non

912 2158 1058 2213 potest,
1082 2171 1151 2213 35.
1196 2162 1263 2213 36.
1307 2173 1458 2200 corona
1493 2174 1569 2214 op-

913 2228 1068 2272 pugnat
1107 2219 1315 2270 Spartam,
1357 2221 1427 2268 38.
1458 2233 1570 2259 rece-

913 2275 987 2324 dit,
1019 2289 1098 2330 30.
1141 2275 1322 2316 inducias
1381 2276 1571 2317 concedit

917 2306 1084 2382 N'abidi,
1112 2327 1443 2388 40.pr:1'ef1citur
1479 2336 1568 2376 Ne-

915 2393 1034 2442 meis,
1071 2406 1140 2443 41.
1173 2390 1411 2432 AEtolorum
1447 2392 1488 2433 in
1510 2392 1565 2433 T.

910 2449 1133 2505 Quintium
1203 2452 1399 2504 querelae,
1475 2452 1563 2492 ibid.

911 2508 1116 2549 Graeciam
1176 2511 1424 2563 relinquens,
1467 2510 1568 2550 allo-

908 2566 1047 2620 quitur
1069 2567 1269 2608 sociorum
1299 2570 1469 2623 legatos,
1491 2571 1562 2621 48.

906 2640 974 2680 49.
995 2627 1096 2681 petit
1117 2626 1167 2667 ab
1185 2626 1248 2676 iis,
1279 2638 1323 2667 ut
1346 2627 1452 2668 cives
1479 2627 1564 2666 Ro-

847 2683 887 2723 O
913 2700 936 2722 υ
1401 2697 1550 2725 manos·
