1794 3121
139 205 219 257 508
701 200 720 240 1
810 199 852 240 N

197 326 259 367 τρεῖ
284 337 460 376 montes,
495 326 566 368 xli.
591 338 658 380 27.

139 385 291 427 Ofilius
361 385 551 427 Calavius
607 386 862 441 Campanus,

197 445 291 485 Ovii
315 444 438 494 filius,
461 445 592 485 clarus
613 459 760 501 genere
777 444 863 485 fac-

192 503 338 557 tisque,
360 505 423 544 ix.
459 510 525 546 15.
547 504 636 559 ejus
656 504 862 560 judicium

193 563 242 602 de
280 562 436 604 silentio
462 564 750 604 Romanorum
773 562 862 617 post

194 621 424 662 Caudinam
448 620 733 676 ignominiam,
752 622 841 662 ibid.

137 679 318 720 Officina
342 681 545 729 Monetae,
567 680 619 720 vi.
645 693 716 722 20.

138 739 190 779 A.
210 739 431 795 Ogulnius,
463 739 651 780 tribunus
684 739 861 780 militum

195 797 245 837 de
267 798 426 854 legione
458 797 651 848 secunda,
683 798 791 838 cadit
820 799 861 838 in

193 858 340 912 proelio
387 870 483 898 cum
524 856 653 912 Bojis,
699 858 861 898 xxxiii.

204 922 274 965 36-

136 974 217 1015 Cn.
242 974 467 1029 Ogulnius,
502 973 691 1015 tribunus
714 974 859 1030 plebis,

191 1034 325 1086 legem
384 1032 462 1074 fert
521 1034 572 1073 de
623 1032 857 1074 sacerdotiis

193 1105 290 1131 cum
329 1090 447 1146 plebe
488 1093 860 1142 communicandis,

191 1163 234 1190 x.
253 1152 292 1193 6.
315 1150 441 1192 aedilis
471 1152 638 1201 curulis,
659 1152 861 1192 damnatis

192 1208 351 1264 aliquot
398 1209 734 1263 foeneratoribus,
803 1225 857 1251 ex

193 1268 440 1310 mulffiatitia
504 1269 681 1324 pecunia
752 1273 860 1312 varia

193 1327 302 1368 dona
327 1330 365 1368 &
389 1342 512 1383 opera
540 1330 581 1370 in
602 1327 734 1370 sacros
758 1329 862 1387 pub-

194 1384 373 1442 licosque
396 1387 490 1430 usus
513 1388 628 1440 facit,
652 1400 722 1443 23.

137 1446 208 1489 M·
225 1443 450 1501 Ogulnius,
472 1448 522 1488 ad
537 1447 793 1487 frumentum
813 1447 855 1488 in

192 1504 358 1546 Etruria
391 1504 665 1547 coemendum
707 1505 861 1558 miffus,

194 1563 331 1604 xxvii.
359 1578 399 1618 3.

134 1622 197 1664 M.
241 1622 449 1677 Ogulnius
486 1624 647 1674 Gallus,
687 1633 855 1681 praetor,

191 1682 359 1722 xxxix.
397 1685 465 1734 56.
490 1683 651 1723 sortitur
669 1682 858 1735 jurisdic—⁴

190 1743 343 1783 tionem
365 1743 578 1791 urbanam,
601 1744 659 1782 xl.
690 1757 725 1783 r.

132 1801 203 1858 Q,
232 1802 456 1856 Ogulnius,
491 1801 678 1841 tribunus
711 1800 855 1856 plebis,

191 1861 272 1901 sert
292 1862 418 1916 legem
435 1862 483 1900 de
503 1859 734 1901 sacerdotiis
757 1873 850 1900 cum

190 1918 308 1974 plebe
330 1919 701 1968 communicandis,
742 1932 784 1956 x.
810 1928 850 1958 (ι.

193 1977 321 2018 aedilis
343 1978 494 2019 curulis
528 1978 700 2035 niulclat
724 1977 854 2019 foene-

189 2047 358 2086 ratores,
383 2050 448 2091 23.

133 2095 337 2138 Olbienlis
371 2110 464 2149 ager
497 2095 673 2135 vastatur
695 2110 715 2134 a
737 2094 851 2135 claffe

191 2155 363 2204 Punica,
386 2154 515 2195 xxvii.
536 2158 578 2194 6.

133 2213 328 2264 Olcades,
350 2214 446 2254 xxi.
466 2226 505 2268 ς.
525 2211 747 2254 Olcadibus
770 2212 853 2252 bel..

192 2275 278 2314 lum
302 2273 425 2314 infert
445 2272 638 2322 Annibal,
660 2271 746 2310 ibid.
767 2274 851 2310 vin-

193 2344 362 2382 cuntur,
381 2331 469 2372 ibid.

134 2390 362 2443 Olcinium,
380 2391 577 2447 oppidum
596 2387 848 2444 lllyrici,xlv.

200 2451 270 2490 26.

139 2508 356 2549 Olciniatis
377 2507 614 2547 immunitas
637 2507 746 2558 data,
769 2507 850 2548 xlv.

195 2572 265 2608 26.

134 2625 250 2665 Olea·
271 2625 371 2664 rami
405 2625 630 2678 supplicum
667 2624 849 2680 insignia,

914 196 1168 241 DEX.

920 339 1013 423 olgi
1028 381 1163 436 congii
1186 382 1225 421 in
1248 382 1357 424 vicos
1380 384 1556 442 fingulos
1573 384 1644 426 da-

977 452 1025 492 ti,
1049 454 1153 482 xxv.
1176 453 1216 480 2.

919 500 1146 541 Olitorium
1174 499 1327 541 forum.
1366 503 1448 544 vid.
1471 502 1643 543 Forum.

918 559 1116 609 Olocrus,
1139 573 1275 609 mons,
1302 561 1401 603 xliv.
1426 575 1497 614 44.

918 617 1137 668 Olonicus‚
1177 618 1252 659 five
1289 621 1549 670 Salondicus,
1580 633 1643 660 re-

975 677 1217 717 bellantium
1333 679 1643 722 Celtiberorum

975 736 1077 783 dux,
1103 736 1205 776 xliii·
1226 743 1265 780 6.
1300 737 1389 794 ejus
1420 738 1643 787 temeritas,

978 795 1063 835 ibid.

917 854 1129 910 Olympia,
1159 854 1274 905 urbs,
1312 856 1431 899 xxvi.
1455 869 1526 909 24.
1551 855 1640 897 xlv.

974 917 1041 955 28.

915 973 1205 1028 Olympiorum
1273 973 1468 1014 sollemne
1533 974 1642 1015 ludi-

977 1044 1109 1082 crum,
1129 1033 1266 1073 xxvii.
1287 1048 1357 1089 35.
1374 1041 1518 1088 parant
1532 1033 1636 1083 Elei,

977 1091 1124 1131 xxviii.
1146 1109 1182 1147 7.

914 1151 1147 1206 Olympias,
1215 1159 1345 1191 mater
1414 1150 1638 1193 Alexandri

979 1210 1143 1263 Magni,
1163 1209 1244 1252 viii.
1264 1223 1331 1264 24.

914 1270 1144 1323 Olympias,
1182 1269 1296 1319 urbs,
1335 1267 1434 1308 olim
1463 1266 1638 1311 Gonno-

972 1328 1215 1383 condylum,
1239 1328 1445 1370 xxxix.'2.

911 1386 1290 1444 Olympio,legatus
1307 1386 1449 1429 Gentii
1467 1387 1517 1427 ad
1535 1385 1634 1428 Per-

969 1444 1048 1495 sea,
1068 1446 1173 1487 xliv.
1200 1460 1267 1502 23.

911 1505 1167 1560 Olympium,
1190 1506 1302 1560 Jovis
1318 1503 1519 1558 templum
1541 1519 1635 1561 pro-

966 1576 1016 1616 pe
1042 1565 1273 1620 Syracusas,
1295 1562 1409 1605 xxiv.
1431 1576 1502 1619 33.

908 1624 1129 1676 Olympius
1152 1623 1331 1678 Jupiter,
1357 1621 1477 1662 xxiv.
1502 1635 1573 1666 21.

907 1680 1075 1736 Olympi
1098 1682 1251 1724 montis
1274 1682 1316 1722 in
1332 1680 1535 1723 Thessalia
1567 1695 1632 1723 ra-

964 1739 1092 1789 dices,
1115 1742 1215 1781 xliv.
1233 1743 1276 1782 6.

908 1803 1129 1854 Olympus,
1180 1814 1299 1840 mons
1350 1799 1393 1840 in
1443 1798 1628 1849 Galatia,

967 1857 1137 1898 xxxviii.
1182 1865 1246 1900 18.
1282 1860 1322 1899 in
1343 1871 1440 1898 eum
1460 1857 1627 1914 fugiunt

963 1915 1222 1972 Tolistoboji‚
1251 1931 1315 1972 ¹9·
1344 1930 1399 1956 ex
1423 1929 1473 1957 eo
1488 1917 1628 1972 depel-

964 1976 1104 2015 luntur
1126 1991 1147 2015 a
1165 1976 1383 2024 Romanis,
1400 1987 1467 2016 20.
1493 1988 1555 2017 21.

906 2033 1154 2084 Onchestus,
1177 2035 1310 2076 amnis
1340 2034 1383 2076 in
1411 2033 1627 2086 Theffalia,

960 2093 1117 2136 xxxiii.
1141 2095 1183 2135 6.

905 2153 1123 2196 Onefimus
1173 2153 1369 2205 Macedo,
1423 2151 1629 2208 Pythonis.

962 2211 1082 2259 filius,
1106 2213 1286 2253 Romam
1303 2210 1502 2267 profugit,
1524 2211 1622 2252 xliv.

968 2279 1032 2315 16.
1046 2272 1134 2327 ejus
1149 2273 1334 2326 praemia,
1347 2269 1434 2310 ibid.

902 2330 1168 2379 Onomastus,
1186 2328 1398 2370 maritimae
1418 2341 1503 2368 orae
1518 2342 1624 2384 prae-

958 2389 1094 2430 fedius
1114 2404 1137 2430 a
1160 2389 1365 2444 Philippo,
1394 2387 1503 2443 jussu
1531 2388 1622 2446 ejtus

958 2448 1202 2497 Maronitas,
1233 2446 1464 2490 intromiffls
1485 2447 1528 2487 in
1550 2462 1620 2488 ur-

959 2508 1052 2548 bem
1108 2507 1356 2559 Thracibus,
1421 2505 1617 2558 trucidat,

958 2568 1106 2608 xxxix,
1130 2578 1197 2620 34.
1227 2581 1323 2608 cum
1342 2564 1533 2619 Philippo
1548 2565 1618 2622 ju·

958 2625 1066 2666 dicat
1087 2627 1138 2666 de
1154 2625 1383 2674 Demetrio,
1403 2624 1460 2666 xl.
1484 2627 1524 2665 8.
1562 2628 1565 2630 ’

194 2683 311 2725 xxiv.
355 2698 425 2738 3-0.
467 2685 594 2724 xxix.
630 2692 695 2728 16.
734 2697 848 2724 xxx.
899 2683 1084 2739 Operum
1107 2683 1365 2740 publicorum
1391 2682 1502 2737 apud
1526 2679 1620 2721 Ro-‚

1470 2753 1612 2784 manos
