1830 3131
501 197 902 240 EPITOME
968 198 1064 239 Lm.
1101 205 1173 239 56.

139 323 358 382 probatum
372 325 442 367 est.
471 323 606 366 νὶξὶυε
623 324 733 365 enim
750 322 1053 365 aNumantinis
1074 327 1112 366 ἃ
1139 322 1275 364 castris
1297 334 1464 380 exutus,
1514 380 1515 386 1

138 384 269 437 quum
304 385 392 440 spes
420 385 531 425 nulla
554 384 736 424 servandi
758 380 961 424 exercitus
982 383 1091 429 effet,
1125 396 1266 437 pacem
1289 397 1382 423 curn
1406 386 1463 425 eis

143 443 242 484 fecit
259 442 587 498 ignominiosam,
610 457 735 498 quam
750 453 878 483 ratam
893 442 967 480 effe
991 441 1149 481 senatus
1170 441 1311 493 vetuit.
1369 442 1465 483 Tri-

137 502 252 557 ginta
277 502 409 542 millia
432 503 718 542 Romanorum
743 517 766 542 a
793 500 1146 542 Numantinorum
1166 500 1342 540 millibus
1363 515 1465 555 qua-

140 570 233 601 tuor
253 560 362 601 viiia
382 570 511 600 erant.
574 561 630 602 D.
654 561 803 614 Junius
827 559 1072 600 Lusitaniam
1106 559 1271 614 triginta
1300 558 1465 599 urbium

136 619 529 674 expugnationibus,
568 620 694 674 usque
726 620 775 659 ad
797 618 986 659 occasum
1010 619 1051 658 &
1081 632 1280 669 oceanum
1317 621 1467 672 perdo-

137 679 267 717 muit:
315 679 374 729 &,
414 692 544 732 quum
585 679 756 721 fluvium
798 676 1062 718 Oblivionem
1094 676 1260 716 transire
1308 677 1466 717 nollent

136 735 304 788 milites,
331 749 518 791 ereptum
552 737 742 793 {ignifero
774 736 932 790 lignum
954 735 1035 789 ipse
1058 735 1278 788 transtulit,
1313 737 1353 776 δι
1393 736 1464 787 fic,

137 803 183 845 ut
204 794 597 851 transgrederentur,
630 796 834 858 persuasit.
896 794 1122 835 Alexandri
1147 794 1271 843 filius,
1294 808 1365 835 rex
1390 801 1464 851 Syn

134 852 221 902 τίκ,
244 855 386 895 decem
407 869 534 897 annos
553 857 776 896 admodum
798 854 968 904 habens,
993 869 1015 893 a
1038 853 1240 903 Diodoto,
1264 853 1334 907 qui
1356 854 1466 908 Try-

135 910 250 967 phon
285 913 672 968 cognominabatur,
705 924 839 954 tutore
861 914 947 963 suo,
981 927 1053 967 per
1084 912 1273 952 fraudem
1306 912 1463 953 occisus

133 970 221 1019 est3
253 972 457 1027 corruptis
478 973 664 1021 medicis,
696 974 783 1027 qui,
819 986 915 1012 eum
944 973 1091 1012 calculi
1114 971 1462 1027 doloreconsumi

132 1029 182 1071 ad
204 1031 405 1086 populum
428 1031 607 1084 mentiti,
628 1033 728 1074 dum
744 1032 893 1083 secant,
915 1031 1169 1072 occiderunt.

582 1168 618 1209 L
642 1169 660 1209 Ι
686 1169 721 1209 Β
746 1168 786 1210 R
812 1169 833 1208 Ι
900 1168 1018 1208 LVI.

137 1254 245 1329 D.
274 1284 490 1338 JUNIUS
513 1286 665 1329 Brutus
698 1288 740 1327 in
763 1284 960 1339 Hispanifi
984 1275 1173 1336 ulterspre
1197 1284 1370 1325 feliciter
1389 1285 1461 1325 ad-

130 1340 273 1384 versus
320 1345 526 1386 Gallaecos
562 1347 770 1401 pugnavit.
804 1344 978 1385 diffimili
1000 1355 1147 1385 eventu
1180 1344 1243 1384 M.
1269 1343 1462 1384 AEmilius

133 1400 317 1457 Lepidus
338 1403 555 1457 proconsul
587 1405 777 1458 adversus
799 1405 996 1444 Vaccaeos
1019 1417 1106 1443 rem
1125 1402 1254 1458 geffit,
1283 1402 1463 1442 cladem-

135 1474 217 1513 que
258 1461 428 1502 limilem
458 1462 730 1503 Numantinae
770 1463 901 1518 paffus
932 1460 1003 1501 est.
1070 1462 1135 1500 Ad
1169 1461 1462 1501 exsolvendum

133 1517 381 1571 Numantini
416 1519 585 1562 foederis
607 1523 802 1578 religione
827 1521 1042 1577 populum,
1064 1519 1303 1572 Mancinus,
1334 1533 1463 1574 quum

132 1574 257 1634 hujus
279 1578 337 1619 rei
358 1579 503 1620 aufihr
524 1579 676 1631 fuisset,
711 1581 872 1620 deditus
897 1578 1182 1631 Numantinis,
1205 1593 1289 1620 non
1318 1578 1376 1619 est
1398 1592 1464 1621 re-

131 1647 290 1691 ceptus.
351 1638 544 1691 Lustrum
595 1655 617 1680 a
657 1639 890 1692 censoribus
931 1637 1145 1684 conditum
1179 1638 1252 1679 est.
1329 1637 1464 1680 Censa

131 1693 226 1747 sunt
255 1695 402 1751 civium
424 1699 558 1761 capita
590 1709 774 1746 trecenta
806 1697 952 1753 viginti
989 1697 1064 1738 tria
1088 1696 1228 1738 millia.
1291 1697 1462 1748 Fulvius

130 1752 302 1807 flaccus
324 1755 464 1797 consul
501 1754 704 1799 Vardaeos
732 1758 773 1798 in
805 1753 970 1813 Illyrico
984 1756 1156 1814 subegit.
1220 1756 1287 1805 M,
1308 1755 1464 1799 Cosco-

129 1813 224 1854 nius
255 1826 405 1870 praetor
426 1816 469 1855 in
492 1817 671 1859 Thraci&
692 1831 785 1858 curn
804 1815 1026 1857 Scordiscis
1048 1814 1237 1870 prospere
1251 1814 1461 1871 pugnavit..

131 1873 276 1927 Quum
315 1874 467 1915 bellum
496 1876 816 1925 ¹Numantinum
855 1875 955 1915 vitio
989 1876 1143 1916 ducum
1175 1888 1259 1914 non
1284 1874 1363 1915 fine
1384 1888 1462 1929 pu·

131 1932 230 1970 dore
252 1931 416 1988 publico
437 1935 618 1985 duraret,
653 1936 812 1981 delatus
835 1933 892 1975 est
916 1935 1022 1974 ultro
1044 1932 1230 1988 Scipioni
1257 1932 1461 1975 Africano
1486 1966 1490 1976 f

130 2002 156 2029 a
193 1989 333 2033 senatu
369 1994 607 2048 populoque
644 1994 838 2034 Romano
882 1993 1132 2035 consulatus.-
1172 2005 1296 2047 quem
1329 2006 1462 2047 quum

132 2046 191 2101 illi
214 2063 358 2104 capere
393 2050 446 2090 ob
487 2053 638 2107 legem,
682 2068 773 2108 quae
809 2051 986 2103 vetabat„
1020 2065 1274 2109 quemquam
1310 2051 1462 2100 iterum

130 2106 339 2148 consulem
358 2107 463 2157 fieri,
484 2124 568 2150 non
597 2111 752 2161 liceret,
777 2111 889 2153 sicuti
906 2111 1032 2166 priori
1053 2108 1280 2164 consulatu,
1301 2110 1461 2167 legibue

130 2164 287 2222 solutus
319 2167 390 2208 est.
436 2168 600 2210 Bellum
636 2169 792 2219 servile,
851 2170 894 2210 in
949 2169 1083 2211 Sicilia
1124 2179 1280 2221 ortum,
1330 2183 1461 2225 quum.

131 2224 308 2277 opprimi
347 2241 368 2267 a
406 2228 650 2281 praetoribus
692 2243 776 2269 non
824 2228 1029 2284 potuiffet,
1081 2229 1132 2271 C.
1178 2228 1323 2271 Fulvio
1357 2230 1461 2270 'con-

131 2281 207 2323 suli
222 2286 460 2326 mandatum
479 2287 550 2328 est.
584 2288 702 2345 cujus
724 2288 822 2329 belli
844 2287 1009 2328 initium
1030 2286 1109 2328 fuit
1126 2289 1272 2331 Eunus
1305 2287 1461 2336 servus,

129 2341 296 2389 natione
313 2345 471 2400 Syrus,
503 2347 592 2401 qui,
613 2347 826 2389 contradi&
852 2346 1072 2403 agrestium
1095 2346 1299 2389 servorum
1316 2360 1460 2396 manu,

129 2400 171 2454 ἃ
211 2400 352 2442 soluti,v
378 2405 605 2459 ergastuliS,
643 2406 740 2462 justi
770 2402 977 2448 exercitus
1010 2420 1232 2447 numerum
1265 2406 1459 2460 implevit.

129 2457 263 2507 Cleon
285 2474 468 2515 quoque,
500 2466 601 2505 alter
622 2465 775 2514 servus,
806 2467 857 2506 ad
897 2465 1151 2521 septuaginta
1173 2464 1294 2505 millia
1327 2464 1462 2505 servo-

130 2530 225 2565 rum
247 2522 479 2570 contraxit,
510 2524 565 2573 ἃ,
581 2526 704 2577 copiis
722 2524 894 2579 junc'tis,
926 2533 1068 2564 contra
1087 2524 1285 2577 populum
1312 2525 1464 2567 Roma-

129 2588 233 2623 num
250 2581 557 2634 exercitumque
583 2582 671 2641 ejus
693 2582 848 2624 bellum
869 2582 971 2636 saepe
992 2582 1211 2639 gesserunt.

138 2627 158 2663 θ’
1295 2640 1460 2686 Llssm

1588 186 1672 257 255
