1835 3121
148 172 231 213 206
861 166 914 210 T.
965 169 1181 210 LIVII

361 283 495 339 palum
524 283 697 324 abnuere
734 283 945 325 Evander:
997 285 1064 326 sed
1100 300 1247 339 quum,
1289 298 1444 326 veneno
1478 285 1517 325 se
1550 282 1671 323 maile

362 342 480 391 mori,
508 341 631 396 quum
649 341 774 392 ferro,
801 344 987 391 dixiffct3
1020 340 1176 384 occulte
1201 343 1339 399 fugam
1361 342 1539 399 parabat.
1560 341 1672 395 quod

393 414 490 440 uum
511 399 794 442 renunciatum
812 402 898 456 regi
919 401 1026 449 effet,
1046 411 1247 450 metuens,
1277 416 1342 450 ne,
1374 412 1567 455 tanquam
1588 413 1612 438 a
1632 397 1671 438 se

362 415 567 500 iiibtrafiffl
589 473 720 513 poenzr·
737 458 820 509 Ῡεο,
840 459 938 499 iram
960 459 1270 500 Samothracum
1288 460 1329 499 in
1345 460 1382 500 fe
1403 465 1678 507 converteret²

363 516 538 557 interfici
560 517 793 557 Evandrum
817 517 937 573 jussit.
1001 517 1096 574 Qu&
1128 520 1352 571 perpetrat&
1374 527 1526 558 temere
1547 515 1677 566 caede,

363 574 484 616 subiit
513 577 717 630 extemplo
750 576 947 624 animum,
981 575 1019 614 in
1047 576 1092 630 ſs?
1125 577 1304 620 ninu'rum
1335 585 1514 631 receptam
1541 574 1674 623 labem,

363 650 439 688 qua>
455 634 637 674 Evandri
650 634 785 690 fuiſji’t
806 650 814 675 :
852 635 896 674 ab
915 636 979 675 illo
1000 634 1164 687 Delphis
1189 635 1429 675 vulneratum
1450 634 1674 683 Eumenem,

363 693 408 732 ab
414 693 459 747 se
483 691 725 732 Samothracae
756 692 986 733 Evandrum
1017 693 1178 747 occisum.
1214 694 1267 732 ita
1291 693 1358 733 duo
1372 690 1605 748 fimHg'ffima
1635 692 1682 729 in

363 752 477 790 terris
498 751 645 804 templa,
653 751 698 805 ſse
719 767 787 791 uno
800 755 961 802 auHore,
969 752 1155 806 sanguine
1175 750 1332 790 humano
1352 750 1502 790 violata.
1531 749 1674 806 Hujus

364 807 421 848 rei
444 808 611 858 crimen,
646 819 838 863 corrupto
859 808 1029 864 pecunia
1057 808 1271 855 Theonda,
1300 808 1507 857 avertitur,
1541 818 1585 849 ut
1612 821 1675 848 re-

363 866 575 920 nunciaret
610 868 781 921 popule,
822 867 1057 908 Evandrum
1101 867 1170 907 fibi
1204 866 1335 922 ipsum
1370 876 1545 907 mortem
1577 878 1677 907 con-

365 923 485 966 scisse.

423 982 501 1022 VI.
540 981 739 1023 Ceterum
762 992 875 1024 tanto
899 982 1080 1025 facinore
1111 982 1151 1023 in
1175 983 1340 1023 unicum
1363 981 1553 1023 relidlum
1576 980 1677 1022 ami·

365 1055 475 1089 cum,
497 1040 545 1079 ab
567 1039 650 1094 ipso
672 1055 744 1095 per
771 1051 832 1082 tot
863 1040 974 1082 casus
1001 1050 1229 1096 expertum,
1249 1040 1552 1096 proditumque,
1582 1039 1680 1094 quia

365 1112 448 1139 non
471 1098 716 1153 prodiderat,
738 1099 923 1140 omniurn
946 1099 994 1139 ab
1027 1100 1064 1140 se
1097 1099 1335 1140 abalienavit
1366 1099 1536 1141 animos.
1597 1099 1679 1140 Pro

365 1157 404 1198 se
425 1156 592 1212 quisque
615 1158 777 1198 transire
800 1159 849 1198 ad
887 1158 1122 1198 Romanos:
1153 1157 1341 1212 fugaeque
1373 1157 1582 1199 confilium
1613 1170 1682 1199 ca*

366 1229 461 1270 pere
498 1215 626 1255 solum
667 1214 790 1270 prope
832 1216 1021 1257 relictum
1064 1216 1314 1271 coegerunt,
1359 1216 1681 1269 Oroandemque

368 1273 617 1322 Cretensem,
646 1274 712 1315 cui
735 1284 830 1319 nota
851 1273 1040 1315 Thraciae
1062 1289 1131 1316 ora
1168 1284 1269 1324 erat,
1304 1275 1400 1329 quia
1432 1282 1687 1316 mercaturas,

367 1331 410 1372 in
431 1334 478 1373 efi
499 1332 663 1388 regione
685 1332 850 1382 fecerat,
873 1334 1061 1387 appellat,
1082 1340 1127 1374 ut
1148 1331 1185 1372 se
1208 1336 1270 1389 (1)
1299 1333 1499 1374 sublatum
1519 1332 1561 1373 in
1581 1332 1688 1373 lem-

157 1408 327 1450 &exsugam
367 1390 467 1430 bum
489 1391 538 1430 ad
561 1390 709 1446 Cotym
726 1390 954 1432 deveheret.
977 1389 1236 1433 Demetrium
1266 1391 1323 1432 est
1356 1400 1496 1446 portus
1526 1390 1569 1432 in
1589 1403 1690 1445 pro-.

145 1454 272 1484 molitur·
369 1448 572 1489 montorio
594 1450 772 1502 quodam
796 1448 1095 1491 Samothracae:
1129 1451 1183 1491 ibi
1211 1450 1368 1490 lembus
1399 1448 1540 1490 stabat.
1597 1447 1692 1492 Sub,

369 1507 555 1548 occasum
579 1507 669 1547 solis
689 1507 942 1556 deferuntur,
974 1522 1066 1561 quae
1098 1511 1144 1549 ad
1169 1508 1284 1549 usum
1306 1507 1519 1549 necessaria
1534 1515 1680 1548 erant:

370 1564 552 1606 defertur
585 1568 624 1607 &
648 1564 834 1620 pecunia,
867 1574 1017 1620 quanta
1047 1567 1150 1606 clam
1177 1566 1325 1606 deferri
1358 1576 1527 1620 poterat.
1590 1565 1690 1616 Rex,

370 1623 453 1679 ipse
475 1623 598 1664 nocie
629 1623 775 1673 media,
807 1637 901 1664 cum
931 1622 1058 1664 tribus
1085 1624 1254 1665 consciis
1286 1624 1409 1679 fugae,
1430 1638 1502 1678 per
1526 1629 1542 1674 [Ι
1562 1623 1686 1677 posti-

372 1696 467 1722 cum
489 1682 639 1722 aedium
661 1682 702 1721 in
725 1683 998 1736 propinquum
1020 1682 1207 1723 cubiculo
1228 1683 1408 1733 hortum,
1434 1692 1555 1736 atque
1577 1682 1692 1732 inde,

375 1748 392 1793 Η
413 1741 625 1781 maceriam
660 1754 765 1794 aegre
788 1740 1058 1795 transgreffus,
1095 1743 1144 1781 ad
1182 1754 1289 1781 mare
1322 1740 1515 1794 pervenit.
1577 1739 1685 1780 Oro·

375 1800 497 1840 andes
510 1801 592 1855 jam
611 1801 781 1852 tum,(2)
797 1799 892 1839 dum
913 1799 1081 1852 pecunia
1095 1799 1334 1851 deferretur,
1355 1799 1491 1851 primis
1508 1797 1690 1840 tenebris.

376 1858 547 1898 solverat
583 1871 742 1906 navem,
779 1871 823 1897 ac
858 1871 928 1911 per
967 1858 1092 1897 altum
1131 1857 1298 1898 Cretam
1333 1856 1508 1911 petebat.
1570 1857 1685 1898 Post-

377 1930 500 1971 quam
523 1916 564 1955 in
584 1924 702 1970 portu
724 1915 836 1956 navis
858 1929 940 1955 non
958 1915 1118 1956 inventa
1141 1915 1212 1964 est,
1233 1925 1399 1970 vagatus
1426 1914 1595 1957 Perseus
1616 1916 1688 1957 ali-

377 1974 570 2030 quamdiu
600 1974 641 2013 in
660 1973 790 2022 litore,
820 1971 1019 2027 postremo
1041 1974 1187 2014 timens
1206 1975 1338 2014 lucem
1356 1974 1441 2029 jam
1471 1974 1688 2029 appropin-

378 2043 588 2087 quantem,
619 2032 661 2072 in
682 2031 898 2082 hospitium
920 2032 1050 2073 redire
1073 2046 1155 2072 non
1176 2031 1306 2081 ausue,
1339 2032 1380 2071 in
1403 2032 1525 2072 latere
1547 2033 1693 2087 templi⁴

376 2105 502 2146 prope
521 2091 712 2146 angulum
729 2089 945 2130 obscurum
959 2091 1131 2131 delituit.
1149 2090 1267 2132 Pueri
1283 2089 1415 2145 ssregii
1432 2091 1538 2144 apud
1547 2091 1695 2133 Mace-⁷

376 2150 503 2189 donas
517 2147 763 2189 vocabantur
777 2148 1002 2202 principum
1015 2149 1202 2198 liberi,ad
1217 2148 1480 2189 ministerium
1493 2149 1614 2190 eleffl
1629 2162 1693 2190 re·

376 2207 438 2267 gis
455 2223 464 2248 2
481 2221 527 2247 ea
544 2206 704 2256 cohors,
727 2207 932 2259 prosecuta
946 2221 1080 2262 regem
1095 2207 1335 2262 fugientem,
1350 2220 1401 2248 ne
1419 2216 1506 2249 tum
1523 2208 1689 2262 quidem

377 2265 628 2314 abscedebat,
650 2266 779 2304 donec
796 2265 901 2321 juffu
921 2265 998 2306 Cn.
1021 2266 1186 2307 Οᾶεινίἰ
1207 2264 1518 2318 pronunciatum
1539 2265 1596 2306 est
1620 2279 1692 2320 per

380 2337 624 2378 praeconem,
657 2323 793 2377 Regios
823 2334 969 2377 pueros,
998 2323 1294 2378 Ilffacedonasque
1325 2323 1428 2371 alios,
1460 2325 1526 2378 qui
1562 2324 1690 2365 Samo-

379 2381 517 2422 thracae
537 2383 655 2438 ff'nt’
678 2381 720 2436 fi
745 2381 943 2437 trargfirent
971 2382 1021 2422 ad
1041 2383 1238 2430 Romanos,
1260 2381 1556 2426 incolumitatem,
1577 2383 1690 2422 liber-

380 2448 561 2495 tatemque
586 2441 719 2495 &fica
739 2441 859 2479 omnia
879 2441 1117 2496 servaturos,
1149 2456 1226 2495 quae
1253 2448 1320 2479 aut
1334 2438 1464 2497 secum
1495 2440 1689 2489 haberent,

1622 2506 1690 2538 aut

430 2629 469 2659 C.
484 2628 514 2660 6.
554 2629 609 2670 (1)
638 2629 752 2661 ‘Tollere
774 2631 801 2660 in
817 2631 945 2668 lembum,
971 2632 1004 2661 in
1032 2644 1134 2662 navem
1161 2630 1303 2674 propriae
1323 2631 1356 2663 in
1379 2632 1440 2664 hac
1455 2641 1490 2663 re
1514 2629 1699 2662 locutiones

386 2672 466 2706 sunt.
513 2673 667 2708 Similiter
682 2677 788 2714 tollere,
814 2686 877 2720 pro
891 2675 1004 2709 tollere
1019 2679 1052 2708 in
1065 2687 1198 2719 equum,
1217 2677 1314 2721 supra
1330 2677 1351 2710 l.
1370 2685 1423 2712 22.
1436 2687 1462 2710 c.
1479 2685 1534 2718 49.
1558 2676 1614 2720 (2)
1628 2677 1692 2708 Lo-

1640 2731 1698 2756 cus
