1871 3121
68 1466 110 1497 U.
122 1474 238 1507 c.579.

67 1522 95 1543 a.
108 1513 146 1544 C.
165 1524 173 1544 ι
186 1521 236 1552 73.

65 1558 105 1588 L.
120 1557 233 1589 Postu-

385 478 486 554 T.
547 477 871 554 mvn
933 473 1554 586 ΡΑΤΑῊΝΙ

385 811 578 854 LIBER
610 808 1172 862 QUADRAGESIMUS
1203 807 1554 860 SECUNDUS.

293 1467 325 1509 1.
355 1438 453 1513 L.
494 1465 852 1509 POSTUMIUS
892 1465 1084 1514 munus,
1133 1465 1196 1506 M.
1238 1464 1438 1520 Popillius
1483 1463 1630 1507 Laenas

295 1540 425 1581 quum
456 1526 641 1566 omnium
684 1526 863 1581 primum
900 1526 950 1566 de
981 1524 1201 1580 provinciis
1231 1523 1556 1578 exercitibusque
1579 1524 1630 1565 ad

61 1601 276 1640 mio,M.P0-
295 1585 478 1626 senatum
520 1584 757 1634 retulissent,
808 1584 982 1640 Ligures
1024 1583 1187 1638 utrique
1223 1583 1376 1625 decreti
1424 1582 1542 1623 sunt:
1585 1593 1630 1624 ut

64 1647 157 1690 pinio
171 1648 257 1681 Cofl‘.
293 1658 420 1685 novas
449 1643 584 1693 ambo,
605 1644 754 1699 quibus
773 1658 863 1684 eam
885 1642 1136 1698 provinciam
1158 1642 1405 1690 obtinerent,
1438 1643 1635 1698 legiones,

63 1695 240 1729 Bfovimiae.

295 1704 418 1758 (binae
448 1703 612 1759 singulis
644 1703 835 1759 decretae)
870 1706 908 1744 ὅτ
944 1700 1099 1742 socium
1135 1702 1270 1742 Latini
1308 1701 1489 1742 nominis
1526 1703 1630 1742 dena

291 1762 420 1804 millia
471 1762 656 1816 peditum
705 1763 742 1804 δι
786 1762 980 1803 sexcenos
1034 1760 1212 1815 equites,
1280 1763 1328 1802 δι’
1374 1760 1633 1816 supplemen-

291 1831 382 1862 tum
407 1824 473 1876 (1)
497 1821 705 1875 Hispaniae
733 1819 808 1861 tria
838 1820 964 1860 miilia
987 1820 1174 1874 peditum
1213 1820 1499 1860 Romanorum
1535 1818 1630 1859 scri-

290 1880 449 1930 berent,
476 1882 513 1920 8<
553 1881 752 1935 ducentos
783 1879 957 1934 equites.
1024 1880 1088 1919 Ad
1111 1878 1189 1919 hoc
1222 1879 1331 1919 mille
1355 1881 1394 1919 δε
1416 1876 1631 1933 quingenti

291 1940 449 1995 pedites
472 1938 654 1978 Romani
676 1952 771 1979 cum
794 1949 962 1979 centum
993 1937 1201 1991 equitibus
1233 1936 1350 1978 scribi
1376 1936 1496 1992 juffi3
1533 1949 1630 1977 cum

293 1998 443 2053 quibus
465 2007 631 2052 praetor,
654 1997 719 2037 cui
740 1997 924 2038 Sardinia
952 1995 1166 2052 obtigisset,
1194 1997 1235 2035 in
1266 1994 1474 2037 Corsicam
1503 1993 1632 2034 trans-

292 2057 445 2114 greffus
466 2056 618 2096 bellum
641 2067 827 2110 gereret3
862 2055 1025 2096 interim
1048 2057 1110 2096 M.
1138 2055 1306 2104 Atilius,
1328 2064 1446 2095 vetus
1466 2065 1632 2108 praetor,

293 2114 546 2171 provinciam
574 2114 775 2155 obtineret
805 2114 1048 2156 Sardiniam.
1128 2114 1326 2155 Praetores
1363 2112 1510 2153 deinde
1539 2126 1635 2167 pro-

292 2175 447 2215 vincias
471 2173 595 2214 sortiti
618 2173 725 2222 sunt,
762 2175 813 2213 A.
834 2174 984 2214 Atilius
998 2173 1196 2213 Serranus
1220 2172 1434 2221 urbanam,
1452 2170 1501 2212 C.
1527 2172 1627 2211 Clu-

293 2233 384 2274 vius
403 2233 551 2274 Saxula
575 2231 680 2272 inter
711 2231 819 2273 cives
843 2234 883 2274 δι’
907 2232 1158 2287 peregrinos,
1194 2237 1220 2284 †
1242 2231 1292 2271 N.
1318 2230 1467 2271 Fabius
1496 2229 1631 2270 Buteo
1670 2251 1674 2254 ·

292 2291 538 2346 Hispaniam
572 2290 818 2340 citeriorem,
851 2294 911 2332 M.
935 2291 1144 2331 Matienus
1170 2289 1418 2338 ulteriorem,
1454 2289 1521 2330 M.
1549 2288 1633 2328 Fu-

294 2352 378 2392 rius
402 2349 601 2403 Craffipes
631 2348 829 2399 Siciliam,
867 2349 918 2390 C.
950 2349 1159 2390 Cicereius
1188 2347 1433 2388 Sardiniam.
1495 2342 1632 2386 Prius-

296 2423 422 2463 quam
463 2407 718 2463 magistratus
769 2407 1137 2462 proficiscerentur,
1187 2406 1342 2446 senatui
1378 2405 1546 2461 placuit,
1579 2405 1630 2445 L.

294 2467 552 2508 Postumium
575 2466 783 2507 consulem
818 2467 868 2506 ad
900 2480 1042 2521 agrum
1075 2464 1287 2520 publicum
1310 2480 1332 2505 a
1362 2464 1518 2519 privato
1551 2473 1633 2503 ter-

296 2526 539 2567 minandum
572 2525 614 2565 in
649 2525 918 2581 Campaniam
939 2525 1032 2574 ire3
1069 2526 1187 2582 cujus
1218 2524 1428 2580 ingentem
1459 2523 1633 2562 modum

1433 2580 1634 2637 poffidere

343 2704 381 2735 C.
399 2714 427 2735 ι.
453 2701 508 2745 (1)
524 2704 571 2734 Ita
592 2702 688 2745 supra
706 2703 728 2734 l.
746 2702 800 2735 26.
815 2713 844 2735 c.
867 2712 918 2734 11.
935 2703 1038 2733 milites
1056 2702 1113 2744 sub
1129 2701 1249 2733 vexillis
1274 2702 1303 2731 in
1316 2701 1538 2743 supplementum
1557 2698 1634 2740 Ηγ-

289 2753 386 2793 ponite
394 2752 536 2792 prqfeffios
553 2752 681 2782 audivit.
697 2748 749 2794 (τὸ
767 2749 920 2792 Hispania
936 2747 1055 2791 accipit
1080 2746 1270 2780 Gronovius
1292 2745 1393 2778 dandi
1417 2745 1520 2786 casu.)
1543 2744 1635 2820 82(ἰέΞὲ
