1830 3131
670 224 1070 267 EPITOME

668 393 903 438 LtBRI
961 393 1051 436 CX.

190 514 260 569 C„
285 522 418 564 Caesar
440 523 673 574 Maffiliam,
696 540 789 580 quae
820 534 959 579 portas
990 524 1061 579 ipsi
1092 523 1306 575 clauserat,
1335 523 1523 566 obsedit:

190 591 255 639 ἃ,
275 581 430 624 ῐεὶίἃίε
452 583 494 623 in
512 583 718 624 obsidione
742 584 852 625 urbis
874 584 963 640 ejus
983 584 1142 640 legatis,
1177 584 1226 626 C.
1245 583 1456 625 Trebonio
1482 585 1524 625 δε

191 645 252 688 D.
267 646 412 692 Bruto
434 641 649 697 profectus
671 642 713 683 in
743 642 1006 698 Hispaniam,
1037 643 1087 684 L.
1120 642 1359 693 Afranium,
1393 645 1431 685 δε
1459 643 1524 685 Μ.

189 701 421 750 Petreium,
450 702 607 757 legatos
625 701 701 743 Cn.
746 702 948 757 Pompeii,
982 716 1079 742 cum
1117 702 1272 758 septem
1295 701 1528 758 legionibus

192 765 244 805 ad
277 761 488 803 Ilerdam
479 775 520 800 m
555 761 805 802 deditionem
837 760 1009 815 accepit,
1039 761 1265 821 omnesque
1297 761 1527 802 incolumes

190 822 359 871 dimisit,
383 823 417 861 V
425 833 570 860 arrone
592 834 757 875 quoque
776 821 909 876 legato
945 820 1133 875 Pompeii
1154 835 1252 862 cum
1281 820 1461 861 exercitu
1484 819 1528 859 in

188 881 435 937 potestatem
477 879 590 920 suam
626 879 804 920 redaClo.
887 880 1105 922 Gaditanis
1148 881 1355 922 civitatem
1399 879 1526 920 dedit

196 938 481 989 Massilienses,
511 937 672 980 duobus
689 939 899 980 navalibus
932 939 1089 993 proeliis
1104 939 1220 992 vieti,
1250 939 1339 995 post
1356 940 1527 995 longam

191 999 444 1040 obsidionem
467 997 656 1053 potestati
678 997 848 1038 Caesaris
878 998 916 1038 se
950 999 1235 1052 permiserunt.
1296 997 1346 1038 C.
1392 999 1528 1039 Anto-

193 1059 302 1108 nius,
335 1059 492 1114 legatus
515 1055 700 1106 Caesaris,
723 1056 828 1097 male
872 1068 1014 1097 contra
1046 1059 1317 1112 Pompeianos
1356 1057 1398 1097 in
1430 1058 1528 1113 Illy-

192 1117 278 1164 rico
301 1116 422 1157 rebus
455 1116 594 1172 gestis,
627 1126 769 1170 captus
804 1116 874 1157 est.
935 1117 983 1156 In
1014 1131 1098 1171 quo
1140 1117 1247 1158 bello
1290 1116 1527 1172 Opitergini

192 1175 491 1230 Transpadani,
533 1174 704 1218 Caesaris
741 1176 974 1226 auxiliares,
1010 1187 1095 1216 rate
1127 1175 1196 1219 sua
1230 1175 1278 1217 ab
1315 1174 1528 1216 hostilibus

193 1235 364 1277 navibus
379 1233 528 1285 clausa,
549 1233 704 1290 potitis,
737 1235 864 1288 quam
881 1234 920 1274 in
947 1235 1190 1289 potestatem
1217 1234 1398 1275 hostium
1415 1233 1529 1275 veni-

198 1305 302 1344 rent,
318 1294 424 1334 inter
450 1294 487 1334 se
509 1306 799 1335 concurrentes
816 1293 1115 1336 occubuerunt.
1179 1294 1227 1336 C.
1255 1294 1397 1341 Curio,
1419 1293 1530 1348 lega-

196 1366 262 1398 tus
291 1353 461 1395 Caesaris
498 1354 540 1394 in
575 1352 738 1403 Africa,
771 1367 900 1405 quum
923 1353 1113 1408 prospere
1137 1351 1328 1395 adversus
1350 1351 1529 1402 Varum,

193 1413 538 1468 Pompeianarum
572 1414 752 1466 partium
788 1413 953 1460 ducem,
986 1413 1209 1468 pugnasset,
1242 1427 1264 1451 a
1293 1410 1403 1464 Juba
1434 1424 1530 1466 rege

198 1470 465 1516 Mauritaniae
483 1486 579 1517 cum
602 1472 784 1515 exercitu
807 1470 932 1519 caesus
955 1471 1028 1512 est.
1104 1471 1155 1513 C.
1181 1469 1316 1512 Caesar
1344 1469 1387 1510 in
1411 1471 1531 1515 Grae·

193 1531 300 1575 ciam
319 1531 489 1591 trajecit,

644 1691 890 1732 LIBRI
954 1690 1079 1732 CXI.

193 1787 317 1871 Μ.
349 1810 510 1853 Coelius
543 1808 684 1851 Rufus
719 1819 888 1865 praetor‚
930 1824 1060 1866 quum
1105 1809 1363 1850 seditiones·
1353 1824 1395 1851 m
1428 1810 1532 1852 urbe

192 1874 436 1921 concitaret,
467 1883 670 1912 novarum
692 1870 925 1910 tabularum
957 1870 1023 1924 spe
1054 1869 1170 1924 plebe
1203 1869 1419 1922 solicitata,
1458 1870 1531 1910 ab·

194 1943 339 1998 rogato
375 1929 614 1991 magistratu
646 1929 786 1984 pulsus
816 1927 931 1978 urbe,
967 1929 1158 1972 Miloni
1176 1929 1296 1978 xsuli‚
1329 1929 1399 1983 qui
1421 1929 1532 1984 fugi-

195 1992 375 2032 tivorum
415 1989 642 2031 exercitum
675 1998 951 2040 contraxerat,
1003 1990 1042 2031 se
1076 1988 1306 2044 conjunxit.
1340 1999 1531 2043 uterque,

196 2064 327 2104 quum
357 2048 512 2089 bellum
557 2046 820 2097 molirentur,
866 2048 1079 2091 interfecti
1108 2047 1214 2089 sunt.
1296 2047 1533 2102 Cleopatra,

194 2107 368 2165 AEgypti
386 2120 542 2163 regma,
574 2121 594 2146 a
631 2106 857 2147 Ptolemaeo
874 2107 998 2150 fratre
1021 2122 1147 2164 regno
1165 2105 1278 2162 pulsa
1300 2106 1371 2147 est.
1406 2108 1536 2161 Prop—

195 2168 330 2224 terQ.
358 2165 477 2213 Caffii
510 2165 696 2223 praetoris
729 2166 939 2209 avaritiam
974 2168 1348 2223 crudelitatemque
1369 2165 1535 2208 Cordu-

195 2226 339 2268 benses
371 2226 414 2265 in
445 2223 647 2278 Hispanir
682 2238 781 2265 cum
814 2226 975 2269 duabus
1018 2226 1212 2268 Varianis
1239 2222 1473 2279 leglonibus
1511 2240 1534 2265 a

180 2285 381 2341 partibus
407 2283 576 2325 (aesaris
606 2283 877 2328 desciverunt.
938 2284 1017 2326 Cn
1055 2284 1297 2339 Pompeius,
1329 2285 1379 2324 ad
1421 2283 1534 2338 Dyr-

195 2345 383 2386 rachium
404 2342 579 2384 obsessus
594 2357 616 2382 a
638 2342 812 2393 Caesare,
848 2346 923 2394 &s
938 2345 1131 2399 praefidiis
1154 2345 1244 2400 ejus
1264 2357 1361 2385 cum
1380 2342 1534 2395 magna

193 2405 310 2450 clade
351 2401 518 2443 diversae
569 2401 695 2456 partis
746 2403 1009 2457 expugnatis,
1065 2403 1270 2444 obsidione
1321 2401 1531 2450 liberatus,

196 2462 386 2506 transsato
423 2461 465 2500 in
512 2460 758 2501 Thessaliam
811 2461 934 2512 bello,
986 2464 1096 2518 apud
1140 2460 1390 2503 Pharsaliam
1441 2460 1529 2501 acie

194 2521 332 2566 victus
360 2519 430 2560 est.
495 2519 641 2559 Cicero
676 2518 717 2558 in
755 2520 892 2562 castris
921 2521 1128 2569 remanlit,
1167 2520 1227 2560 vir
1263 2519 1366 2559 nibil
1388 2519 1527 2560 minsis

197 2595 323 2635 quarn
347 2579 398 2620 ad
425 2578 530 2618 bella
561 2588 700 2626 natus;
733 2580 1006 2633 omnibusque
1038 2579 1297 2619 adversarum
1330 2589 1528 2632 partum,

194 2640 269 2699 qui
291 2639 330 2681 se
352 2636 539 2699 potestati
563 2635 730 2686 vietoris
752 2638 1038 2693 permiserunt,
1071 2637 1231 2681 Caesar
1220 2647 1391 2693 10'nOV1t

1306 2696 1534 2746 LIBRI
