1804 3121
113 1963 264 1992 stationes.

813 258 865 302 T.
918 261 1117 301 LIVII

309 376 370 419 dae
386 378 445 432 (3)
477 376 753 418 miscerentur.
817 376 904 416 Vix
925 377 1101 418 dedufila
1119 380 1177 432 (4)
1209 377 1365 418 summa
1385 387 1506 417 arena
1523 380 1628 422 erat,

311 450 440 489 quum
475 435 738 490 scaturigines
775 435 946 475 tuibide
992 434 1126 488 primo
1171 438 1209 476 &
1253 446 1397 476 tenues
1437 433 1629 482 emicare,

311 494 405 535 dein
433 493 629 548 liquidam
653 495 905 546 multamque
935 493 1106 534 fundere
1146 508 1310 548 aquam,
1342 494 1453 533 velut
1488 488 1629 532 Deum

311 554 440 604 dono,
470 563 696 606 coeperunt.
762 552 1035 605 Aliquantum
1073 563 1118 592 ea
1155 567 1318 606 quoque
1354 566 1418 592 res
1453 549 1550 591 duci
1570 548 1632 588 fa-

307 626 391 653 mae
426 613 463 651 &
503 611 755 652 aueloritatis
786 612 892 663 apud
934 610 1083 651 milites
1123 611 1282 666 adjecit.
1345 609 1462 663 Jusfis
1485 607 1631 648 deinde

314 669 512 710 militibus
534 670 723 723 expedire
746 683 874 718 arma,
906 667 988 723 ipse
1032 684 1126 709 cum
1163 668 1333 710 tribunis
1355 675 1390 720 4
1410 666 1632 722 primisque

315 728 525 769 ordinibus
548 729 657 768 vadit
690 729 739 768 ad
761 729 1096 781 contemplandos
1119 728 1333 776 tranfitus;
1363 725 1448 781 quii
1469 725 1635 767 descen-

316 787 382 827 sus
403 782 533 827 facilis
555 786 734 835 armatis,
767 785 846 839 qua
877 785 919 825 in
961 787 1193 827 ulteriorem
1215 786 1344 840 ripam
1367 782 1536 826 minime
1558 781 1636 822 ini-

320 860 424 898 quus
457 844 669 885 adscensus
696 845 802 884 efl'et
864 844 943 885 His
985 844 1076 885 satis
1110 844 1348 910 exploratis,
1377 844 1444 883 illa
1472 854 1635 896 quoque

318 904 515 957 primum,
548 915 593 942 ut
619 903 761 942 ordine
798 917 843 942 ac
879 903 956 942 slne
978 905 1158 944 tumultu
1180 902 1318 943 omnia
1340 903 1381 942 in
1403 901 1564 956 agmine
1586 899 1638 938 ad

320 972 466 1001 nutum
490 961 792 1015 imperiumque
810 961 925 1002 ducis
946 961 1106 1012 fierent,
1139 962 1327 1016 providit
1388 960 1478 1001 Ubi
1500 957 1640 999 omni-

320 1021 397 1060 bus
427 1019 542 1058 fimul
565 1020 923 1073 pronunciaretur,
954 1022 1063 1074 quod
1087 1020 1293 1075 fieret(5),
1325 1032 1458 1072 neque
1496 1029 1639 1057 ornnes

322 1079 563 1117 exaudirent
581 1094 592 1126 3
611 1079 766 1118 incerto
786 1078 958 1132 imperio
980 1089 1162 1133 accepto,
1185 1079 1365 1132 alios,(6)
1382 1077 1430 1117 ab
1445 1076 1483 1117 se
1500 1074 1642 1131 adjici·-

323 1145 451 1185 entes,
483 1137 573 1190 plus
595 1151 658 1185 eo,
688 1138 798 1191 quod
821 1136 1066 1191 imperatum
1097 1138 1154 1186 fit,
1193 1137 1292 1177 alios
1325 1136 1460 1175 minus
1491 1134 1640 1174 facere.

323 1194 673 1234 clamoresdeinde
688 1196 861 1236 diflbnos
879 1195 972 1235 oriri
986 1196 1177 1236 omnibus
1192 1195 1353 1244 locis‚&
1367 1192 1481 1248 prius
1493 1192 1643 1240 hostes,

323 1252 448 1306 quum
470 1252 590 1306 ipsos,
621 1254 719 1307 quid
759 1262 940 1308 paretur,
975 1253 1087 1294 scire.
1147 1254 1313 1294 Placere
1347 1252 1486 1308 igitur,
1517 1249 1646 1290 tribu-

322 1326 421 1351 num
445 1312 621 1351 militum
637 1318 662 1365 †
678 1313 812 1366 primo
829 1312 911 1366 pilo
930 1312 1100 1367 legionis
1123 1311 1320 1353 secretum
1335 1315 1398 1365 (7)
1428 1308 1577 1350 edere
1568 1321 1646 1347 im-

320 1370 502 1435 perium:
534 1371 665 1419 illum,
697 1374 737 1412 &
772 1370 865 1410 dein
902 1370 1094 1425 singulos,
1125 1370 1315 1425 proximo
1335 1367 1515 1424 cuique
1506 1381 1548 1407 m
1580 1379 1648 1406 οι·-

325 1427 420 1467 dine
443 1429 671 1468 centurioni
699 1429 850 1476 dicere,
882 1429 979 1482 quid
999 1444 1102 1482 opus
1120 1428 1233 1470 faffio
1257 1429 1328 1477 fit,
1359 1428 1435 1468 five
1452 1441 1473 1466 a
1503 1423 1648 1480 primis

322 1485 444 1540 {ignis
479 1487 529 1526 ad
549 1485 806 1526 noviffimum
827 1501 989 1541 agmen,
1023 1488 1099 1526 {ive
1127 1487 1176 1527 ab
1213 1485 1405 1528 extremis
1426 1486 1476 1525 ad
1495 1484 1650 1540 primos

326 1544 617 1600 perferendum
639 1544 856 1600 imperium
872 1545 930 1585 fit.
965 1544 1126 1600 Vigiles
1153 1545 1276 1586 etiam
1298 1559 1406 1585 novo
1426 1557 1540 1585 more
1561 1542 1651 1583 scu-

328 1610 418 1643 tum
446 1603 488 1643 in
520 1602 700 1659 vigiliam
733 1603 840 1643 ferre
874 1603 1029 1644 vetuit:
1060 1618 1143 1644 non
1179 1605 1291 1644 enim
1319 1604 1362 1643 in
1391 1615 1572 1658 pugnam
1592 1601 1652 1642 vi·

329 1661 482 1716 gilem
473 1675 545 1710 ire,
578 1672 622 1702 ut
655 1661 776 1702 armis
800 1671 951 1711 utatur,
983 1661 1050 1702 sed
1080 1663 1131 1703 ad
1152 1662 1420 1718 vigilandum,
1442 1671 1502 1711 ut,
1520 1673 1650 1715 quum

332 1718 495 1760 ienserit
535 1719 712 1760 hostium
753 1721 991 1769 adventum,
1020 1720 1187 1776 recipiat
1229 1720 1282 1771 se,
1331 1720 1562 1774 excitetque
1599 1718 1651 1758 ad

333 1792 444 1818 arma
491 1772 603 1818 alios.
664 1780 706 1831 (8
713 1778 871 1833 )Scuto
911 1793 993 1833 prae
1045 1779 1083 1819 se
1122 1778 1260 1820 eret‘jm
1303 1778 1405 1819 stare
1446 1779 1651 1834 galeatos:

334 1837 498 1887 deinde,
530 1836 599 1876 ubi
634 1836 719 1876 feffi
754 1837 842 1885 lint,
875 1837 1024 1878 innisos
1063 1837 1161 1891 pilo,
1193 1836 1324 1893 capite
1355 1837 1471 1891 super
1505 1836 1653 1891 margi-

336 1909 431 1934 nem
453 1894 553 1934 scuti
576 1895 719 1949 posito,
756 1895 904 1949 sopitos
921 1895 1048 1936 stare:
1083 1905 1128 1936 ut
1145 1895 1396 1951 fulgentibus
1419 1895 1541 1936 armis
1562 1907 1656 1949 pro-

337 1954 404 1993 cul
425 1953 602 2007 conspici
634 1953 684 1993 ab
705 1953 819 1994 hoste
841 1953 999 2008 possint,
1033 1953 1104 2008 ipfi
1135 1954 1237 1995 nihil
1265 1955 1517 2009 provideant.
1564 1953 1656 1994 Sta-

339 2012 496 2052 tionum
520 2026 685 2066 quoque
708 2022 864 2053 morem
895 2013 1050 2053 mutavi
1055 2023 1083 2052 t.
1105 2013 1249 2053 armati
1270 2026 1428 2063 omnes,
1461 2015 1497 2054 ἃ
1521 2011 1656 2052 frena-

340 2070 390 2110 tis
413 2072 526 2122 equis
547 2071 720 2124 equites,
752 2071 860 2111 diem
897 2081 1029 2110 totum
1067 2071 1311 2125 perstabant.
1340 2071 1378 2111 id
1404 2085 1532 2124 quum
1553 2069 1658 2111 aesti-

340 2128 400 2169 vis
422 2128 579 2178 diebus,
611 2139 753 2169 urente
776 2129 926 2169 assiduo
961 2130 1057 2179 sole,
1091 2129 1222 2180 fieret,
1253 2140 1313 2170 tot
1343 2129 1536 2170 horarum
1558 2128 1657 2169 aestu

344 2189 382 2229 ἃ
416 2188 609 2242 languore
640 2187 746 2241 ipsos
766 2187 971 2242 equosque
994 2188 1137 2229 feffos
1128 2189 1275 2244 integri
1298 2188 1400 2243 saepe
1416 2188 1546 2229 adorti
1566 2186 1658 2228 hos-

1600 2255 1660 2287 tes

346 2391 472 2422 censent
486 2392 628 2421 contineri.
653 2391 700 2420 At
713 2399 769 2421 cur
779 2400 846 2421 non
863 2389 1061 2432 subintelligi
1073 2389 1167 2431 possit
1178 2402 1232 2428 eos,
1243 2389 1284 2422 sc.
1301 2396 1410 2421 montes.
1457 2389 1512 2430 (3)
1536 2391 1567 2423 Si
1584 2390 1659 2423 sana

340 2437 418 2466 -liaec
442 2436 527 2473 sunt,
549 2447 613 2467 vox
640 2438 731 2473 nndae,
756 2434 795 2466 fic
812 2436 899 2468 nude-
916 2435 1031 2478 posita,
1054 2435 1241 2477 accipienda
1277 2435 1320 2467 est
1345 2446 1406 2478 pro
1422 2439 1503 2467 undis
1529 2439 1660 2468 marinis.

349 2481 515 2523 ¹[Suspicor
526 2483 553 2512 L
556 2481 701 2512 iviumin
717 2481 765 2518 iis,
787 2492 859 2522 quae
877 2492 915 2512 ex
930 2480 1026 2512 initio
1039 2481 1152 2523 &pitis
1165 2481 1301 2522 periere,
1324 2480 1475 2519 narrasse,
1491 2481 1610 2515 ssutstus
1626 2482 1658 2513 in

348 2525 458 2558 littore
475 2526 610 2558 minoris
641 2525 831 2558 salfitudinis
855 2535 1001 2568 repertos
1023 2526 1096 2564 effe,
1118 2532 1216 2569 quam
1241 2536 1313 2567 quae
1330 2537 1421 2568 aquae
1444 2527 1573 2560 marinae
1599 2528 1659 2561 ess'e

342 2570 512 2611 -101et.13.]
559 2573 592 2610 (Δ
601 2573 614 2611 )
636 2574 723 2613 Lege
733 2575 795 2602 dida
797 2577 856 2603 έῖα.
903 2573 959 2611 (5)
976 2572 1051 2602 Hoc
1067 2571 1121 2610 est,
1143 2572 1288 2614 quodfer?
1303 2573 1420 2603 deberet.
1465 2572 1520 2614 (6)
1535 2573 1660 2617 Adjici-

342 2622 440 2646 entes
456 2616 578 2657 aliquid
591 2627 629 2648 ex
640 2617 696 2648 suo
717 2617 758 2648 ad
774 2617 818 2655 id,
842 2618 929 2659 quod
947 2617 1143 2658 imperatum
1169 2616 1225 2649 est.
1269 2617 1326 2658 (7)
1337 2617 1485 2659 Seorsum
1503 2629 1521 2649 a
1537 2619 1660 2651 ceteris.

343 2660 408 2698 (8)
434 2663 510 2692 Haee
534 2662 609 2693 sunt
632 2662 850 2700 incommoda,
873 2672 946 2703 quae
969 2662 1187 2703 sequebantur
1209 2673 1247 2693 ex
1271 2657 1382 2693 vetere
1405 2672 1494 2692 more
1516 2664 1594 2695 scuti
1626 2665 1660 2696 in

341 2704 495 2746 vigiliam
513 2708 648 2738 ferendi.
693 2709 849 2739 Ceterum
861 2708 978 2748 hastam
1006 2709 1164 2751 profacto
1192 2714 1350 2740 m'emorat
1377 2705 1579 2741 Plutarchus.
1604 2724 1658 2745 ταις

353 2764 381 2780 vv
386 2763 462 2794 κτεξι
467 2765 511 2784 νας
532 2759 633 2788 φαλκ.
637 2763 669 2788 αις
685 2766 749 2785 arev
766 2760 885 2796 2⁰77:ss
891 2758 958 2795 φυ)
953 2751 1022 2789 ιτἹε
1015 2763 1059 2782 ειν
