1794 3121
127 155 207 203 548
668 147 1078 190 INDEX.

134 300 245 311 ---
265 273 347 314 Bos
367 271 410 312 in
426 271 515 312 foro
535 268 684 313 Boario
701 269 742 310 in
763 279 844 311 ter-

195 334 291 373 tiam
362 329 710 385 contignationem
774 328 843 369 sua

193 390 332 444 sponte
368 387 560 439 escendit,
587 397 707 439 atque
727 386 844 426 terri-

196 459 261 488 tus
279 445 551 486 habitatorum
572 444 752 486 tumultu
767 443 846 484 sese

197 504 357 561 dejecit,
372 503 452 545 xxi.
476 505 547 546 62.

269 562 398 603 Boves
428 560 571 602 domiti
604 561 686 601 duo
711 559 753 599 in
772 558 848 600 Ca-

196 620 293 662 rinis
314 633 386 674 per
406 618 526 660 scalas
542 619 777 674 perveniunt
798 617 849 657 ad

202 679 355 735 tegulas
377 676 552 727 aedificii,
604 675 756 715 xxxvi.
782 687 848 728 37.

78 749 82 753 ·
147 762 255 770 --—
288 736 402 777 Caere
437 734 560 776 sortes
597 743 849 783 extenuatae,

205 794 297 836 xxi.
314 796 384 835 62.

148 878 258 885 —--—
276 851 457 905 Capillus
496 858 639 890 enatus
679 848 722 887 in
762 848 848 888 aecle

204 909 410 956 Herculis,
433 907 570 947 xxxii.
595 922 622 947 1.

274 968 404 1021 Capra
420 965 490 1005 sex
515 965 655 1005 haedos
673 978 755 1005 uno
775 964 852 1006 foe-

208 1035 252 1065 tu
268 1024 408 1074 edidit,
426 1036 557 1061 xxxv.
582 1035 639 1063 21.

151 1108 258 1115 ———-
279 1081 428 1138 Caprae
443 1082 589 1122 lanatae
602 1079 736 1130 fa&ae‚
755 1081 852 1120 xxii.

210 1153 245 1181 x.

291 1197 427 1252 Caput
447 1197 672 1238 humanum
703 1199 855 1251 integra

211 1257 312 1298 facie
335 1255 602 1310 aperientibus
615 1253 858 1295 fundamen-

208 1327 247 1356 ta
269 1314 408 1366 templi
429 1313 629 1367 apparuit,
647 1314 670 1353 i.
694 1326 764 1367 55.

155 1397 266 1409 .-...
286 1372 418 1413 Carne
435 1371 553 1425 pluit,
574 1371 627 1411 iii.
651 1383 713 1411 10.

152 1455 264 1462 -—
286 1428 426 1470 Claffis
458 1441 617 1483 magnae
634 1427 781 1482 species
817 1427 858 1467 in

211 1489 315 1529 coelo
337 1486 445 1535 visae,
465 1486 548 1526 flii.
572 1499 609 1527 2.

155 1568 261 1577 ——-
280 1545 443 1586 Calum
466 1543 594 1582 visum
623 1543 776 1591 ardere,
800 1542 858 1582 iii.

211 1616 252 1658 5.
270 1617 332 1644 10.
348 1600 474 1641 xxxi.
487 1612 545 1644 12.
562 1600 688 1641 xxxii.
709 1601 860 1655 9.xl'rii.

240 1674 300 1714 ις.

214 1717 314 1759 findi
334 1718 443 1757 velut
464 1730 611 1771 magno
650 1716 763 1757 hiatu
802 1719 861 1758 vi-

214 1778 319 1826 sum,
352 1788 514 1828 quaque
550 1774 697 1828 patuit,
720 1775 862 1831 ingens

213 1836 351 1875 lumen
371 1832 530 1881 effulfit,
546 1832 649 1872 xxii.
673 1846 709 1873 1.

107 1926 113 1937 ,
155 1916 271 1930 —-
293 1891 493 1932 Columna
519 1890 684 1930 rostrata
706 1890 747 1930 in
783 1890 862 1931 Ca-

215 1948 355 2003 pitolio
372 1957 454 1987 tota
472 1949 520 1987 ad
547 1948 674 1988 imum
691 1947 862 1989 fulmine

218 2006 400 2056 discussa,
415 2005 506 2045 xlii.
531 2018 598 2046 20.

159 2089 271 2104 .---
310 2063 466 2103 Corvus
507 2074 598 2103 ante
641 2062 863 2116 Papirium,

216 2120 436 2169 consulem,
457 2119 623 2172 occinit,
648 2134 692 2160 x.
722 2134 793 2171 40.
821 2120 862 2159 in

218 2180 348 2218 aedem
383 2178 554 2231 JunoniS
575 2179 789 2228 devolavit,
822 2183 862 2221 ἃ

215 2238 256 2276 in
279 2235 363 2290 ipso
398 2235 621 2290 pulvinario
671 2235 864 2286 consedit,

214 2294 301 2335 xxi.
319 2294 392 2335 62.

161 2375 270 2412 „-
291 2349 415 2391 Corvi
455 2351 594 2390 nidum
636 2350 789 2391 faciunt
822 2351 861 2390 in

217 2407 300 2448 aede
337 2408 503 2463 Sospitae
517 2408 706 2461 Junonis,
738 2409 859 2448 xxiv.

219 2477 285 2503 ιο.
307 2480 449 2506 aurum
489 2466 530 2505 in
555 2466 758 2520 Capitolio
780 2481 861 2507 non

303 2537 370 2562 um
390 2524 573 2564 laceraffe
609 2524 742 2564 rostris
778 2538 864 2565 cre·-

214 2569 298 2599 mm
319 2580 383 2621 sed
404 2581 522 2622 etiam
541 2581 672 2633 ediffe,
691 2595 802 2622 xxx.
820 2596 857 2624 2.

212 2655 300 2703 diti,

895 297 1008 304 ---—
1028 272 1149 312 Creta
1170 270 1289 324 pluit,
1313 269 1427 310 xxiv.
1452 284 1516 310 io.

1029 329 1208 369 Culmen
1243 328 1338 369 aedis
1377 327 1489 381 Jovis
1518 324 1602 366 fui-

956 388 1063 428 mine
1083 386 1226 438 stium,
1245 400 1291 427 ac
1327 398 1452 440 prope
1488 382 1601 425 omni

956 445 1065 486 tedio
1084 444 1298 492 nudatum,
1316 443 1448 485 xxvii.
1471 457 1510 494 4.

898 527 1012 540 ——-
1023 503 1231 557 Equuleus
1244 515 1338 543 cum
1345 503 1522 555 quinque
1536 511 1605 553 pe-

957 562 1075 602 dibus
1107 569 1240 610 natus,
1277 573 1378 602 xxx,
1418 572 1457 600 2.
1493 556 1604 598 xxxi.

961 633 1022 662 12-

896 701 1012 714 ...-.
1025 674 1195 731 Fastigia
1219 674 1464 728 templorum
1480 687 1502 713 a
1521 672 1611 714 cul-

957 733 1132 775 minibus
1149 733 1330 786 abrepta‚
1351 734 1410 772 xl.
1437 743 1474 772 2.

900 819 1013 832 ...-
1027 793 1110 832 Fax
1127 791 1175 832 ab
1196 802 1288 830 ortu
1305 790 1407 830 Solis
1435 790 1485 828 ad
1501 786 1610 829 occi-

956 854 1119 893 dentem
1131 849 1280 904 porrigi
1293 848 1387 888 visa.
1407 846 1608 895 xxix.14.

960 910 1038 950 vid.
1064 908 1114 950 ξδ’
1136 921 1237 948 xxx.
1264 919 1300 950 2.
1321 906 1390 945 xli.
1412 917 1495 948 20..
1536 904 1608 945 26.

963 967 1062 1007 xliii.
1092 979 1157 1019 ¹5·
1180 967 1261 1005 xlv.
1282 967 1346 1004 16.

902 1025 1198 1065 —Flumen
1227 1020 1429 1062 Amiterni
1463 1032 1610 1061 cruen-

959 1094 1046 1123 tum
1060 1082 1194 1132 fluxit,
1210 1080 1324 1121 xxiv.
1353 1093 1425 1130 44.
1583 1077 1585 1079 ’

1029 1141 1135 1181 Fons
1167 1141 1208 1180 in
1244 1139 1335 1179 vico
1357 1136 1498 1177 Istrico
1537 1133 1610 1175 sub

963 1210 1067 1239 terra
1083 1208 1193 1239 tauta
1208 1198 1244 1236 vi
1258 1208 1454 1250 aquarum
1469 1192 1612 1243 fluxit,

954 1269 999 1297 ut
1021 1256 1137 1296 serias
1173 1254 1360 1308 doliaque
1393 1253 1505 1292 velut
1534 1252 1611 1291 im-

965 1324 1063 1370 petu
1091 1313 1280 1354 torrentis
1313 1310 1466 1361 tulerit,
1489 1309 1611 1350 xxiv.

967 1383 1039 1415 10.

905 1455 1021 1470 ...-
1050 1431 1157 1471 Fons
1198 1425 1389 1470 Herculis
1437 1421 1614 1466 cruentis

966 1488 1120 1543 sparsus
1176 1484 1353 1527 manavit
1426 1481 1616 1534 maculis,

965 1560 1069 1588 xxn.
1097 1559 1110 1586 ι
1125 1577 1135 1585 .

1049 1603 1200 1644 Forum
1239 1599 1391 1643 Arieiae
1424 1599 1474 1638 de
1507 1596 1614 1638 coelo

966 1660 1137 1708 tacitum,
1159 1673 1266 1699 xxx.
1288 1659 1410 1711 38.in
1429 1656 1520 1696 foro
1535 1654 1616 1694 Ca-

966 1733 1060 1773 puae
1081 1718 1208 1758 multa
1241 1715 1413 1756 aedificia
1433 1715 1482 1754 de
1504 1712 1611 1754 coelo

965 1776 1090 1826 tacta,
1104 1775 1176 1815 xli.
1208 1788 1272 1830 ¹3·

1037 1833 1199 1873 Gallina
1221 1833 1262 1872 in
1280 1844 1447 1878 marem,
1469 1827 1615 1868 Gallus

967 1890 1008 1930 in
1025 1890 1217 1931 feminam
1239 1889 1317 1931 sese
1351 1889 1482 1935 vertit,
1513 1883 1615 1925 xxii.

975 1962 1009 1990 1.

1043 2006 1168 2047 Hasta
1200 2004 1346 2047 Martis
1373 2005 1442 2046 sua
1476 2001 1616 2056 sponte

968 2075 1167 2117 promota,
1197 2064 1307 2107 xxiv.
1347 2077 1413 2108 10·
1449 2060 1528 2102 vid.
1566 2057 1619 2101 δ’
1680 2091 1684 2096 »

969 2122 1052 2161 κλὶ.
1076 2126 1142 2163 62.
1161 2124 1221 2163 xl.
1243 2135 1308 2176 ¹9·

1062 2179 1278 2221 Hastarum
1328 2180 1478 2236 spicula
1511 2183 1614 2225 arse-

970 2249 1080 2286 runt,
1103 2236 1254 2277 xxxiii.
1278 2241 1346 2279 26.
1368 2236 1468 2278 xliii.
1495 2253 1570 2292 ¹5·*

911 2316 1025 2328 --.
1045 2296 1244 2336 Homines
1265 2296 1419 2350 aliquot
1438 2298 1488 2338 de
1509 2299 1616 2340 coelo

969 2353 1083 2404 tacti,
1135 2354 1453 2409 exanimatique,
1504 2358 1612 2398 xxii.

1021 2466 1130 2522 Ignis
1149 2469 1187 2508 in
1211 2469 1294 2508 aede
1311 2468 1447 2510 Vestae
1461 2470 1615 2513 exstin-

963 2526 1071 2575 ἂιιε,
1094 2526 1237 2566 xxviii.
1259 2540 1322 2568 11.
1345 2528 1419 2569 xli.
1443 2541 1484 2570 2.

1038 2584 1157 2638 Ignes
1175 2584 1290 2639 sparsi
1312 2586 1352 2625 in
1373 2587 1495 2638 coelo,
1518 2600 1609 2629 xxx.

1768 3020 1791 3121 >QG-3}-
