1804 3121
395 194 614 237 LIBER
656 195 789 238 XLII.
837 197 989 239 CAP.
1045 198 1140 242 LV.

105 307 239 350 acrius
255 309 451 353 accendit.
513 311 656 366 Itaque
671 326 744 367 per
771 313 953 354 triduum
985 314 1217 369 ingentibus
1233 316 1426 372 utrinque

105 367 252 408 animis
289 369 327 408 &
366 380 613 424 oppugnatae
654 371 759 422 sunt,
803 375 843 414 δι’
881 371 1055 413 defensae
1102 374 1163 426 (3)
1193 373 1425 418 Multitudo

103 423 385 467 Macedonum
409 429 458 467 ad
487 427 744 470 subeundum
764 430 806 469 in
824 430 952 471 vicem
975 431 1168 485 proelium
1189 430 1299 472 haud
1321 434 1428 474 diffi-

103 485 234 523 culter
270 483 535 527 succedebat:
587 488 832 542 oppidanos,
879 489 1003 539 diem,
1049 489 1216 530 noctem
1261 490 1427 532 eosdem

103 550 264 583 tuentes
298 543 468 594 moenia,
503 559 587 585 non
628 547 795 587 vulnera
835 548 979 595 modo,
1020 547 1088 588 sed
1118 548 1240 587 etiam
1280 548 1429 604 vigilia:

104 602 145 641 &
169 606 193 652 †
213 601 426 642 continens
443 602 556 644 labor
576 603 830 646 conficiebat.
857 615 1003 660 quarto
1025 606 1089 646 die
1102 620 1229 660 quum
1253 608 1290 647 δι
1310 607 1429 647 scalae

101 658 285 713 undique
306 661 355 700 ad
375 675 514 702 muros
536 663 803 718 erigerentur,
837 667 875 705 δι
899 674 1015 719 porta
1037 665 1075 704 vi
1097 666 1250 720 majore
1267 679 1430 721 oppug-

101 727 297 766 naretur;
329 719 688 775 oppidanidepulfi
708 722 836 764 muris
858 724 908 763 ad
931 734 1090 777 portam
1112 724 1306 764 tuendam
1329 737 1429 764 con-

100 786 288 825 currunt,
329 778 668 834 eruptionemque
708 782 963 834 repentinam
1004 782 1047 822 in
1086 781 1222 822 hostes
1256 781 1424 822 faciunt.

102 848 194 887 quae
215 849 344 888 quum
374 837 443 878 irae
474 838 602 893 magis
623 839 873 889 inconsustae,
896 840 1020 895 quam
1049 853 1154 881 verae
1186 839 1347 881 fiduciae
1368 841 1428 881 vi·

100 892 210 932 rium
232 894 340 942 effer,
362 897 482 949 pauci
502 898 541 938 &
565 896 650 937 feffi
671 897 720 938 ab
744 898 911 953 integris
933 898 1035 953 pulfi
1064 908 1175 954 terga
1196 899 1428 947 dederunt;

99 950 383 1006 fugientesque
401 969 472 1008 per
488 965 694 1008 patentem
711 966 869 1011 portam
893 957 1026 998 hostes
1043 966 1300 1011 acceperunt.
1365 957 1425 996 Ita

102 1020 220 1063 capta
255 1011 350 1052 urbs
385 1027 432 1054 ac
459 1014 616 1068 direpta
656 1017 726 1057 est.
760 1016 885 1056 libera
919 1030 1082 1069 quoque
1117 1030 1304 1070 corpora,
1334 1030 1427 1070 quae

100 1068 282 1110 caedibus
321 1069 624 1125 superfuerunt,
651 1075 910 1114 venumdata.
1004 1075 1156 1114 Dii-uto
1193 1074 1340 1128 magna
1375 1087 1432 1118 ex,

97 1136 216 1181 ,parte
238 1131 277 1169 ἃ
302 1127 465 1170 incenso
486 1131 639 1185 oppido
671 1132 898 1186 profecitus,
924 1133 975 1173 ad
1005 1128 1257 1173 Phalannam
1297 1131 1427 1172 castra

103 1186 255 1227 movit:
278 1187 372 1227 inde
393 1189 554 1242 postero
577 1191 641 1230 die
665 1193 895 1246 Gyrtonem
917 1192 1114 1245 pervenit.
1178 1189 1278 1248 Qo
1296 1187 1426 1243 quum

101 1242 153 1283 T.
177 1245 415 1286 Minucium
448 1247 610 1288 Rufum
647 1251 684 1289 ἃ
718 1249 933 1303 Hippiam,
962 1250 1246 1290 Thess'alorum
1277 1258 1428 1302 praeto—

102 1315 209 1354 rem,
229 1318 326 1344 cum
363 1306 546 1359 praefidio
578 1307 737 1347 intrasse
758 1308 981 1361 accepiss'eu
1011 1322 1062 1348 ne
1084 1308 1237 1347 tentata
1258 1306 1427 1360 quidem

104 1362 424 1417 oppugnatione,
458 1366 771 1419 praetergreffus,
812 1366 986 1406 Elatiam
1016 1367 1056 1405 δε
1079 1366 1300 1415 Gonnum,
1337 1378 1428 1418 per·

103 1421 221 1460 culsis
243 1422 453 1475 inopinato
471 1424 647 1463 adventu
670 1423 899 1477 oppidanis,
917 1425 1082 1477 recepit.
1145 1423 1337 1476 Utraque
1355 1437 1429 1476 op-

102 1478 198 1533 pida
233 1479 274 1518 in
303 1479 489 1521 faucibus
529 1481 635 1529 sunt,
668 1484 730 1536 (4)
762 1496 854 1534 quae
887 1481 1048 1536 Tempe
1087 1481 1265 1529 adeunt3
1299 1481 1429 1536 magis

105 1536 298 1578 Gonnus.
331 1533 468 1592 itaque
490 1540 527 1578 &
551 1539 730 1580 firmiore
769 1540 809 1579 id
847 1541 1031 1594 praefidio
1070 1548 1208 1579 tutum
1239 1540 1430 1593 equitum

103 1596 386 1650 peditumque,
410 1600 460 1637 ad
484 1599 560 1637 hoc
587 1598 687 1639 foffa
715 1598 864 1652 triplici
888 1613 933 1639 ac
955 1599 1062 1638 vallo
1095 1598 1317 1646 munitum,
1336 1598 1431 1637 reli-

103 1654 204 1707 quit.
268 1655 371 1710 Ipse,
392 1657 442 1696 ad
464 1656 680 1711 Sycurium
704 1657 945 1711 progressus,
972 1657 1151 1712 opperiri
1172 1656 1228 1697 ibi
1249 1656 1429 1696 hostium

103 1714 323 1754 adventum
346 1715 510 1755 statuit:
542 1715 658 1755 simul
693 1719 730 1755 ἃ
765 1715 1008 1755 frumentari
1038 1715 1178 1769 paffim
1199 1714 1430 1756 exercitum

97 1770 216 1827 jubet
237 1773 278 1812 in
302 1773 484 1829 subje&o
504 1773 686 1814 hostium
703 1789 810 1829 agro.
837 1788 1017 1827 namque
1038 1774 1257 1829 Sycurium
1275 1772 1333 1812 est
1356 1772 1428 1813 sub

103 1830 306 1872 radicibus
328 1832 434 1873 Offae
457 1834 619 1873 montis.
649 1835 728 1887 qua
751 1834 792 1872 in
820 1833 1032 1872 meridiem
1064 1832 1210 1887 vergit,
1227 1836 1252 1884 4
1272 1831 1430 1886 subjec-

62 1885 63 1889 ’
102 1897 166 1929 tos
187 1890 308 1931 habet
331 1891 540 1932 Thessalia:
563 1907 755 1946 campos:
787 1891 835 1932 ab
858 1901 972 1946 tergo
994 1890 1284 1931 Macedoniam
1306 1901 1429 1943 atque

106 1950 374 2005 Magnesiam.
437 1951 504 1990 Ad
522 1950 595 1990 has
616 1952 939 2005 opportunitates
961 1950 1117 1991 accedit
1137 1950 1295 1990 summa
1326 1950 1430 1988 salu-

102 2007 228 2050 britas
247 2011 286 2050 52
305 2008 436 2063 copia,
458 2009 642 2063 pluribus
659 2009 936 2066 circumjectis
957 2007 1157 2061 fontibus,
1184 2006 1429 2062 perennium

103 2081 302 2121 aquarum
311 2099 319 2107 .

1594 219 1648 263 97

163 2126 257 2166 LV.
290 2125 444 2166 Consul
482 2127 708 2175 Romanus,
741 2140 814 2181 per
854 2125 1020 2167 eosdem
1058 2125 1146 2166 dies
1181 2124 1428 2164 Theffaliam
1450 2141 1509 2179 Ces.
1526 2144 1623 2177 adm,

104 2199 201 2225 cum
233 2185 415 2225 exercitu
449 2194 607 2239 petens,
630 2185 705 2225 iter
727 2185 966 2239 expeditum
1005 2182 1141 2237 primo
1164 2197 1237 2238 per
1257 2183 1429 2237 Epirum
1443 2202 1506 2232 gem
1522 2190 1615 2218 vadit.

105 2242 250 2285 habuit
267 2259 276 2284 τ
297 2245 457 2294 deinde,
474 2244 687 2298 postquam
711 2244 753 2283 in
773 2241 1067 2284 Athamaniam
1082 2242 1138 2282 est
1153 2241 1430 2296 transgreffus,

105 2302 234 2357 asperi
269 2317 314 2343 ac
337 2302 462 2356 prope
485 2303 580 2342 invii
605 2303 690 2351 soli,
726 2317 819 2343 curn
847 2300 1004 2357 ingenti
1035 2300 1274 2342 difficultate
1296 2300 1430 2354 parvis

106 2360 318 2402 itineribus
353 2375 459 2416 aegre
498 2361 715 2417 Gomphos
755 2364 967 2415 pervenit:
997 2359 1065 2400 cui
1101 2360 1143 2410 s1,
1182 2361 1246 2412 (1)
1276 2357 1431 2397 vexatis

164 2420 286 2460 ToM.
310 2420 408 2459 Vn.
605 2422 616 2425 “
752 2419 796 2458 Η
1185 2415 1431 2456 hominibus

107 2538 180 2570 bris.
227 2537 352 2568 Melius
368 2535 484 2569 abefl‘et
502 2535 693 2578 praeposltio.
741 2537 827 2567 Hor.
852 2535 871 2565 1.
891 2545 918 2566 ι.
943 2535 1055 2566 carm.
1075 2543 1106 2566 2.
1120 2543 1151 2564 v.
1170 2541 1199 2573 3.
1220 2532 1354 2565 DexterA
1371 2535 1429 2574 fi-

105 2585 321 2624 arasjaculatu:
338 2596 425 2614 arces.
470 2583 485 2620 (
490 2583 525 2622 3)
539 2581 794 2618 Macedonibus,
816 2587 951 2622 propter
967 2577 1225 2617 multitudinem,
1246 2578 1342 2611 facile
1357 2587 1429 2610 erat

106 2629 278 2661 succedere
301 2630 381 2660 διες.Δ
411 2628 466 2669 (4)
486 2627 677 2659 Gronovius
700 2626 764 2668 legi
779 2626 872 2668 jubet
888 2627 944 2667 qua*
958 2626 980 2666 1
999 2624 1103 2666 Tempe
1125 2626 1274 2656 adeuntur.
1320 2623 1427 2656 Situm

109 2675 224 2707 Gonni
240 2673 390 2706 describit
402 2673 516 2707 Livius
531 2672 632 2704 etiam
649 2673 747 2715 supra
765 2672 785 2702 l.
803 2670 857 2711 36.
872 2681 901 2702 c.
922 2679 974 2702 10-
993 2671 1024 2700 Sc
1041 2670 1127 2701 infra
1144 2680 1171 2701 c.
1189 2669 1246 2710 67.

155 2723 196 2754 C.
216 2730 270 2762 55.
293 2721 350 2764 (ι)
365 2721 472 2765 Supra
485 2719 506 2752 1.
519 2728 576 2757 40.
594 2730 621 2752 c.
636 2727 692 2752 22.
728 2719 839 2752 Vnum·
851 2729 941 2748 omnes
960 2739 969 2750 .
986 2739 994 2747 .
1013 2737 1022 2749 .
1040 2717 1203 2759 difficultate
1219 2718 1285 2749 via.
1310 2713 1431 2748 Simili.

1380 2767 1430 2791 ter
