1804 3121
409 236 581 281 LIBE
607 237 649 279 R
696 234 832 280 XLII.
882 233 975 277 CA
996 234 1044 278 P.
1076 235 1151 278 LI.

175 357 247 399 Ll.
277 356 417 407 Pellae,
437 355 479 396 in
501 364 636 397 vetere
663 354 774 411 regia
796 353 1096 404 Macedonum,
1120 352 1203 395 hoc
1226 351 1442 396 confilium

118 426 218 457 erat.
252 415 441 456 Geramus
462 431 560 470 ergo,
581 413 732 468 inquit,
754 413 848 454 Diis
867 413 952 454 bene
963 412 1211 470 juvantibus,
1227 411 1372 468 quando
1385 413 1441 453 ita

118 475 285 524 videtur,
299 474 427 515 bellum
443 491 454 513 .·
487 472 694 528 literisque
710 473 818 514 circa
839 470 1059 527 praefectos
1081 469 1262 520 dimissis,
1283 469 1445 512 Citium

123 532 402 589 (Macedoniae
423 532 624 588 oppidum
653 531 731 586 est)
759 531 898 585 copias
929 544 1071 572 omnes
1106 527 1327 573 contrahit.
1361 527 1446 583 ipse

116 601 286 634 centum
306 591 448 632 hostiis
469 590 667 633 sacrificio
687 589 877 645 regaliter
899 590 1122 642 Minervae,
1151 601 1277 644 quam
1297 594 1448 628 vocant

120 650 313 691 Alcidem
332 653 414 705 (1),
435 650 643 700 confecto,
659 663 756 691 cum
776 652 800 700 4
821 657 1141 703 purpuratorum
1166 650 1206 690 δε
1228 645 1449 688 satellitum

117 722 245 749 manu
267 708 479 764 profefilus
513 708 670 750 Citium
701 707 773 749 est.
794 706 846 748 eb
873 708 960 763 jam
989 721 1135 749 omnes
1165 706 1450 748 Macedonum

117 777 469 822 externorumque
506 767 753 808 auxiliorum
789 775 1067 807 convenerant
1103 765 1244 821 copiae.
1307 763 1450 805 Castra

1609 249 1668 295 93

117 836 213 867 ante
235 826 379 868 urbem
401 826 534 881 ponit,
568 825 791 879 omnesque
813 837 992 866 armatos
1012 825 1055 865 in
1076 828 1266 880 camposs
1288 821 1447 864 struxit.
1470 835 1563 878 (50ng
1592 833 1670 874 pep-

117 885 291 926 Summa
321 886 509 926 omnium
541 884 809 940 quadraginta
849 885 912 939 (2)
943 883 1070 925 millia
1096 888 1288 938 §armata
1308 880 1424 922 fuere
1438 883 1516 924 :fii-

119 958 299 998 quorum
330 959 423 999 pars
454 944 584 984 ferme
620 942 789 984 dimidia
810 942 1058 999 phalangitae
1082 952 1214 984 erant.
1272 939 1450 996 Hippias

120 1003 332 1044 Beroeaeus
367 1012 551 1058 praeerat.
612 1001 791 1044 Delefi‘ca
812 1001 961 1043 deinde
993 1004 1034 1044 δε
1057 1001 1210 1043 viribus
1232 1002 1273 1042 &
1302 999 1450 1041 robore

119 1061 265 1112 aetatis,
282 1077 332 1103 ex
354 1062 468 1103 omni
495 1068 510 1113 Η
537 1070 798 1103 caetratorum
821 1074 1009 1112 numero,
1045 1062 1129 1101 duo
1164 1068 1280 1101 erant
1304 1062 1335 1108 ἿΙ
1355 1072 1452 1114 age-

123 1129 234 1161 mata
251 1136 260 1161 :
279 1123 341 1177 (3)
353 1121 460 1162 hanc
477 1121 547 1176 ipsi
561 1120 765 1176 legionem
778 1119 992 1161 vocabant.
1008 1118 1233 1161 Praefestos
1245 1116 1451 1159 habebant

119 1179 356 1221 Leonatum
378 1182 417 1220 &
438 1179 714 1234 Thrasippum
739 1178 949 1235 Eulyestas
977 1181 1055 1234 (4).
1098 1179 1344 1220 Ceterorum
1372 1189 1452 1217 cae-

123 1248 344 1290 natorum,
365 1239 492 1278 trium
514 1238 644 1278 ferme
667 1237 842 1278 millium
859 1237 1092 1288 hominum,
1114 1237 1199 1277 dux
1220 1246 1307 1277 erat
1329 1234 1452 1276 Anti-

121 1296 262 1352 philus
279 1297 496 1338 Edeffaeus.
538 1296 726 1346 Paeones,
752 1300 794 1338 δι·
825 1309 878 1336 ex
910 1298 973 1351 (ς)
997 1296 1173 1337 Parorea
1199 1297 1237 1336 δε
1270 1293 1452 1350 Parstry-

127 1355 282 1405 monia,
319 1355 429 1410 (sunt
450 1365 588 1396 autem
620 1368 668 1395 ea
698 1356 788 1395 loca
828 1354 1011 1409 subjecta
1039 1354 1251 1407 Thraciae)
1285 1355 1323 1393 &
1365 1354 1454 1407 Ag-

122 1414 272 1463 rianes,
293 1413 486 1454 admixtis
517 1413 641 1454 etiam
663 1411 894 1453 Thracibus
922 1412 1066 1453 incolis
1100 1414 1179 1467 (6),
1212 1413 1336 1452 trium
1357 1410 1452 1451 mil*

127 1473 231 1513 lium
245 1472 374 1513 ferme
390 1475 430 1513 &
455 1472 524 1527 ipfi
540 1471 809 1526 expleverunt
831 1484 1064 1511 numerum.
1101 1470 1342 1511 Armaverat
1355 1483 1456 1511 cou-

125 1542 385 1586 traxeratque
426 1544 496 1571 eos
529 1530 662 1571 Didas
697 1531 836 1579 Paeon,
874 1529 947 1583 qui
967 1528 1266 1571 adolescentem
1299 1529 1456 1570 Deme-

127 1590 253 1631 trium
275 1590 507 1632 occiderat..
557 1588 649 1643 Ἐἰς
675 1599 927 1629 armatorum
961 1590 1044 1630 duo
1073 1588 1202 1628 millia
1237 1587 1458 1629 Gallorum

125 1659 260 1700 erant,
296 1647 496 1704 praefeEto
549 1647 856 1702 Asclepiodoto.
919 1647 988 1690 Ab
1028 1645 1234 1689 Heraclea
1271 1660 1325 1688 ex
1364 1646 1458 1687 Sin-

123 1708 191 1750 tiis
214 1711 275 1765 (7)
295 1708 370 1748 tria
391 1707 519 1747 millia
536 1706 751 1747 Thracum
772 1706 994 1747 liberorum
1026 1706 1145 1746 suum
1165 1707 1313 1747 ducem
1335 1704 1458 1746 habe-

125 1766 239 1808 bant.
298 1766 555 1808 Cretensium
584 1780 657 1821 par
676 1764 780 1819 pene
812 1780 1008 1807 numerus
1036 1765 1129 1805 suos
1160 1765 1286 1805 duces
1318 1764 1460 1819 seque-

126 1826 265 1877 batur,
311 1825 463 1866 Susum
498 1824 815 1865 Phalasarneum
848 1827 889 1865 &
921 1825 1079 1880 Syllum
1112 1822 1344 1864 Gnoffium.
1405 1823 1458 1863 Et

129 1884 337 1926 Leonides
370 1883 712 1924 Lacedaemonius
753 1883 992 1938 quingentis
1028 1898 1078 1924 ex
1113 1880 1290 1934 Graeciffa,
1325 1881 1456 1923 mixto

131 1944 273 2000 generi
300 1943 536 1992 hominum,
568 1951 757 1997 praeerat.
836 1942 960 1998 Regii
983 1943 1016 1984 is
1038 1941 1198 1998 generis
1219 1940 1456 1989 ferebatur,

130 2002 259 2051 exsul,
282 2003 499 2042 damnatus
531 2000 740 2054 frequenti
762 2002 939 2042 concilio
964 2001 1230 2050 Achaeorum,
1259 1999 1385 2041 literis
1408 2002 1460 2040 ad

131 2061 275 2102 Persea
297 2061 513 2115 deprensis.
576 2061 813 2100 Astolorum
836 2062 877 2101 δι
899 2061 1160 2109 Boeotorum‚
1193 2058 1263 2113 qui
1286 2073 1368 2099 non
1389 2073 1461 2099 ex-

131 2119 297 2174 plebant
318 2121 409 2174 plus
432 2120 557 2172 quam
581 2119 900 2174 quingentorum
923 2133 1066 2161 omnes
1087 2132 1321 2167 numerum,
1344 2117 1459 2174 Lyco

135 2178 316 2221 Achaeus
332 2177 555 2233 praefeehis
568 2187 672 2219 erat.
723 2177 786 2218 Ex
807 2177 870 2218 his
886 2179 1023 2221 mixtIS
1040 2188 1101 2220 tot
1117 2177 1381 2232 populorum,
1397 2186 1460 2217 tot

1268 2244 1459 2291 gentium

181 2356 219 2387 C.
236 2364 293 2395 51.
313 2354 370 2396 (Ι)
386 2354 626 2386 Deducendum
643 2355 776 2386 videtur
791 2354 855 2386 hoc
871 2365 990 2386 nomen
1009 2365 1027 2385 a
1042 2353 1135 2386 reeto
1153 2355 1247 2386 Alcis.
1295 2353 1358 2384 Sed
1373 2354 1461 2384 Tur-

136 2401 238 2433 nebus
262 2401 435 2443 legendum
461 2400 592 2442 conjicit
611 2403 785 2432 Alcidemon.
832 2402 880 2432 Ita
897 2407 1012 2435 Λαοσας
1028 2400 1060 2431 ἃ
1077 2406 1252 2440 Αλκιμαχη
1268 2398 1462 2440 cognomina

136 2446 302 2478 Minervae
316 2445 420 2477 fuere.
461 2447 518 2486 (2)
535 2448 633 2487 Lege,
649 2457 687 2477 ex
703 2446 925 2488 sequentibus,
947 2448 1144 2488 quadraginta
1160 2448 1219 2475 tria
1235 2445 1338 2475 millia.
1363 2446 1460 2480 Mox,

134 2503 200 2535 ‘pro
216 2498 345 2528 armata,
357 2489 487 2522 mallem
500 2499 688 2523 armatorum.
732 2495 791 2532 (3)
818 2491 952 2532 Aliquid
969 2490 1041 2522 vitii
1059 2489 1113 2521 hic
1129 2489 1190 2522 effe
1204 2489 1344 2521 videtur.
1383 2491 1462 2522 Sen-

136 2539 188 2570 sus
202 2537 264 2569 esse
279 2536 376 2568 debet
391 2548 398 2566 :
424 2546 498 2576 quae
515 2537 604 2579 apud
616 2538 785 2569 Romanos
801 2537 896 2579 legio,
909 2536 942 2567 id
959 2536 1021 2567 illis
1033 2547 1145 2578 agema
1162 2534 1215 2566 est.
1260 2536 1350 2566 Infra
1362 2546 1386 2566 c.
1403 2537 1460 2575 58.

135 2587 214 2615 circa
227 2596 286 2613 eum
309 2595 420 2624 agema,
444 2585 517 2623 quod
531 2590 644 2618 vocant,
657 2585 830 2625 equitumque
844 2585 945 2624 sacre
962 2584 1031 2613 ulae.
1076 2582 1132 2622 (4)
1166 2582 1262 2612 Forte
1286 2582 1460 2624 Elymiotas.

140 2629 194 2661 vel
222 2628 388 2671 Lyncestas.
436 2630 494 2668 (5)
506 2628 582 2659 Vid.
602 2635 672 2658 not.
689 2637 717 2665 3.
732 2630 773 2660 ad
788 2641 813 2660 c.
829 2638 882 2667 27.
897 2628 916 2658 l.
929 2636 981 2668 39.
998 2627 1106 2669 supra.
1129 2626 1185 2668 (6)
1196 2626 1463 2669 Thracibus,qui

137 2673 174 2706 in
189 2674 376 2717 Agrianum
400 2673 567 2715 regionem
595 2671 801 2712 transierant,
824 2673 935 2715 ibique
957 2672 1160 2704 habitabant.
1206 2674 1263 2714 (7)
1287 2674 1378 2704 sintii
1394 2674 1464 2705 fue-

138 2727 216 2752 runt
233 2718 351 2753 incolae
369 2719 500 2760 Lemni,
515 2719 570 2763 qui
589 2721 623 2753 in
638 2719 816 2753 Thraciam
834 2719 1009 2763 migrantes
1027 2718 1107 2751 dieti
1129 2718 1203 2750 sunt
1221 2720 1313 2755 Sinti,
1340 2719 1363 2749 fi
1383 2717 1465 2749 fides

215 2786 218 2788 v
1314 2763 1463 2795 habenda
