1840 3131
119 212 170 252 16

115 633 172 664 Res
188 634 215 662 in
228 631 322 669 Ist11'12

111 680 194 720 ἕψω
212 691 230 707 α
259 680 305 709 Ro

113 725 215 754 mauis.

853 209 1139 254 T.L1V11

340 343 410 368 non
433 328 602 368 mittere.
634 326 704 381 qui
753 326 794 368 id
831 341 914 368 non
949 327 1118 382 juraret,
1151 339 1245 367 eum
1287 325 1661 367 manumittendum

340 400 422 426 non
445 386 698 426 censuerunt
760 385 863 426 Haec
905 385 946 425 in
981 385 1186 438 posterum
1226 385 1342 425 causa
1371 385 1553 439 jurisque
1580 381 1666 422 dic-

341 445 398 484 tio
414 446 462 485 C.
481 444 653 484 Claudio
676 444 830 484 consuli
853 444 1014 484 decreta
1031 442 1100 482 est.

398 502 451 543 X.
475 503 643 557 (XIV.)
675 502 787 542 Dum
817 501 904 542 haec
937 501 1085 540 Romae
1108 510 1322 555 geruntur,
1355 501 1416 541 M.
1443 500 1594 554 Junius
1619 499 1658 538 &

341 561 394 601 A.
434 561 632 609 Manlius,
664 560 734 614 qui
774 560 907 615 priore
942 572 1048 598 anno
1090 558 1273 600 consules
1311 558 1489 609 fuerant,
1532 570 1662 611 quum

343 619 546 672 Aquileite
567 618 850 667 hibernassent,
883 616 1082 671 principio
1119 617 1222 657 veris
1254 617 1304 664 in¹
1331 617 1434 657 fines
1465 616 1662 656 Istrorum

339 677 611 725 exercitumffl
643 677 983 717 introduxerunt:
1031 675 1098 715 ubi
1135 689 1264 728 quum
1282 681 1296 725 Η
1334 673 1458 715 effuse
1493 674 1663 728 popula-

339 746 494 784 rentur,
527 736 642 775 dolor
664 735 790 789 magis
827 739 866 778 &
890 734 1114 788 indignatio
1138 733 1257 786 diripi
1294 748 1356 774 res
1378 733 1465 772 suas
1494 745 1664 773 cernen-

339 803 400 833 tes
422 793 557 844 Istros,
574 806 698 847 quam
721 803 829 834 certa
851 792 951 847 spes,
985 791 1076 831 satis
1095 791 1160 831 fibi
1185 791 1330 831 virium
1354 790 1544 831 adversus
1558 790 1662 829 duos

340 852 558 901 exercitus,
589 851 751 891 excivit.
774 850 973 891 concursu
995 864 1047 889 ex
1079 849 1270 890 omnibus
1291 850 1453 915 populis
1471 848 1664 904 juventu-

342 910 391 951 tis
409 909 537 960 sueto,
569 909 804 963 repentinus
824 912 861 949 ὃς
882 908 1174 948 tumultuarius
1198 909 1399 948 exercitus
1419 908 1553 948 acrius
1583 920 1666 959 pri-

342 982 409 1008 mo
451 966 751 1022 impetu,qu?³m
793 964 1130 1020 perseverantius,
1171 968 1382 1021 pugnavit.
1449 965 1518 1005 Ad
1576 979 1646 1004 ua-

343 1036 436 1066 tuor
458 1026 582 1065 millia
614 1040 755 1065 eorum
792 1025 833 1064 in
857 1025 940 1065 acie
972 1023 1096 1064 caesa:
1127 1025 1266 1072 ceteri,
1297 1025 1437 1064 omiffo
1469 1024 1590 1074 bello,
1622 1022 1665 1062 in

343 1084 524 1124 civitates
545 1083 684 1138 passim
706 1083 969 1137 diffugerunt.
993 1082 1086 1122 inde
1110 1083 1262 1136 legatos
1298 1083 1478 1138 primum
1512 1084 1560 1122 ad
1595 1096 1666 1135 pa·
1707 1082 1713 1086 ’

342 1156 432 1182 cem
454 1143 671 1195 petendam
693 1141 734 1181 in
749 1141 874 1182 castra
909 1141 1115 1189 Romana,
1147 1141 1293 1181 deinde
1314 1141 1467 1181 obfides
1491 1139 1667 1193 impera-

342 1209 421 1248 tos,
454 1199 661 1239 miserunt.
735 1199 839 1239 Haec
881 1212 1010 1252 quum
1046 1198 1194 1238 Romae
1229 1200 1391 1252 cognita
1427 1198 1553 1239 literis
1574 1212 1667 1252 pro-

344 1257 557 1298 consulum
574 1257 712 1306 efl'ent,
744 1257 791 1297 C.
813 1256 1010 1298 Claudius
1031 1255 1186 1303 consul,
1217 1258 1383 1304 veritus,
1415 1271 1465 1296 ne
1487 1256 1592 1296 forte
1620 1270 1666 1296 ea

346 1330 409 1355 res
445 1315 694 1370 provinciam
734 1314 1040 1368 exercitumque
1081 1313 1150 1356 fibi
1192 1315 1404 1364 adimeret,
1437 1329 1520 1354 non
1561 1314 1666 1354 votis

346 1373 632 1439 llnuncupatis,
648 1387 731 1414 non
745 1379 770 1419 -ς-
784 1374 1017 1427 paludatus,
1038 1371 1117 1411 fine
1135 1371 1360 1424 lictoribus,
1378 1387 1460 1414 uno
1480 1373 1666 1413 omnium

345 1432 517 1473 certiore
547 1430 661 1471 faE‘m
695 1431 864 1485 collega,
895 1429 1017 1471 ηοᾶὶε
1040 1428 1279 1483 profectus,
1299 1445 1482 1486 praeceps
1513 1430 1554 1470 in
1571 1445 1667 1484 pro-

345 1489 521 1531 vinciam
543 1489 669 1530 abiit.
700 1489 770 1530 ubi
804 1484 1087 1533 inconsultius,
1118 1501 1243 1540 quam
1273 1499 1453 1538 venerat,
1485 1488 1522 1529 se
1540 1489 1667 1544 geffit.

344 1561 458 1597 nam,
487 1561 616 1601 quum
638 1546 833 1588 concione
855 1546 1049 1587 advocata
1078 1544 1219 1600 fugam
1240 1559 1263 1586 e
1285 1547 1421 1591 castris
1443 1549 1496 1589 A.
1519 1545 1668 1587 Manlii

345 1580 547 1659 adve’rfis§
569 1605 732 1646 auribus
751 1605 926 1644 militum
949 1605 1116 1658 (quippe
1135 1605 1206 1654 qui
1229 1605 1348 1658 primi
1366 1605 1435 1659 ipsi
1459 1605 1667 1660 fugiffent)

343 1664 606 1720 jaelaffet,(1)
638 1662 927 1719 ingeffifl'etque
949 1661 1095 1716 probra
1131 1662 1194 1702 M.
1217 1663 1360 1716 Junio,
1393 1661 1508 1721 quod
1538 1663 1576 1718 se
1597 1664 1669 1705 de-

344 1722 503 1764 decoris
543 1722 696 1763 socium
718 1722 883 1775 collegae
905 1721 1097 1772 feciffet,†
1110 1722 1159 1760 ad
1176 1731 1408 1762 extremum
1444 1732 1668 1773 utrumuue

346 1782 542 1821 decedere
564 1779 770 1835 provincifi
785 1779 909 1836 jussit.
973 1779 1097 1834 Quod
1119 1793 1247 1832 quum
1264 1782 1326 1834 (2)
1349 1781 1497 1822 milites
1519 1774 1667 1822 coneu-

346 1839 396 1879 lis
417 1838 589 1892 imperio
625 1837 737 1878 dieto
761 1839 970 1878 audientes
1000 1837 1160 1877 futuros
1196 1837 1271 1878 effe
1301 1839 1501 1888 dicerent,
1535 1853 1665 1889 (guum

348 1897 380 1938 is
403 1911 516 1937 more
538 1897 779 1952 majorum,†
798 1895 1023 1936 secundum
1040 1905 1132 1934 vota
1163 1895 1206 1935 in
1232 1895 1436 1951 Capitolio
1457 1911 1666 1952 nuncupa-

346 1965 404 2005 ta,
437 1969 532 1996 cum
565 1953 794 2003 lictoribus,
825 1955 1039 2008 paludatus
1068 1953 1280 2007 profectus
1316 1960 1364 1996 ab
1407 1955 1505 1996 urbe
1541 1957 1664 2005 efl'et3

347 2013 487 2053 furens
504 2013 579 2062 ira,
595 2022 799 2060 vocatum,
815 2013 883 2066 qui
900 2015 961 2065 (3)
977 2026 1049 2066 pro
1064 2011 1262 2064 quaestore
1281 2012 1430 2063 Manlii
1443 2023 1543 2062 erat,
1558 2026 1667 2055 cate-

349 2075 447 2123 nas‡
461 2069 824 2125 poposcit,vin6tos
840 2070 875 2110 se
894 2071 1149 2125 Junium=,ue
1169 2070 1457 2125 Manliumque
1472 2072 1665 2113 minitans

351 2129 531 2170 Romam
553 2128 776 2169 missurum.
819 2128 886 2170 Ab
900 2143 948 2170 eo
971 2142 1137 2186 quoque
1151 2127 1328 2183 spretum
1344 2130 1520 2171 consulis
1539 2130 1668 2184 impe,-

1558 2203 1666 2229 rium

351 2287 416 2310 tem
433 2277 704 2315 manumittentis,
726 2276 812 2315 ntis,
827 2277 884 2319 qui
900 2275 1196 2313 manumitteretur,
1219 2275 1384 2309 civitatem
1402 2283 1552 2308 mutaret.
1579 2278 1672 2318 Apud

347 2339 440 2357 eorum
455 2338 533 2366 quem
550 2323 634 2355 idem
651 2324 694 2354 est
706 2331 803 2364 atque
814 2327 891 2364 apud
902 2325 1020 2363 aliquem
1035 2336 1140 2359 eorum,
1164 2322 1219 2362 qui
1235 2323 1375 2354 dictator
1403 2322 1465 2353 &c.
1485 2330 1565 2353 tunc
1580 2321 1667 2353 effet.

350 2372 465 2410 Neque
483 2370 514 2400 id
526 2380 649 2399 moram
663 2370 767 2400 facere
776 2369 884 2405 debet,
905 2368 995 2408 quod
1011 2367 1052 2398 ab
1068 2368 1173 2408 coqui
1191 2366 1667 2408 manumittiturjusjurandum

349 2415 487 2456 exigitur
498 2416 538 2445 de
554 2422 659 2445 mente
678 2416 708 2444 «St
727 2413 858 2444 confilio
870 2411 1144 2444 manumittentis:
1171 2423 1258 2450 nam,
1279 2423 1381 2453 quum
1397 2411 1453 2443 illa
1469 2413 1569 2448 fraus,
1591 2422 1666 2453 qux

348 2461 410 2491 hoc
429 2462 457 2490 S.
473 2461 509 2491 C.
524 2467 668 2496 cavetur,
689 2459 722 2490 in
735 2458 917 2490 manunuffi
933 2457 1091 2500 praecipu?
1110 2459 1319 2490 commodum
1336 2457 1475 2496 cederet,
1496 2456 1550 2488 ine
1566 2456 1667 2488 habe-

348 2505 446 2537 batur
460 2505 559 2534 totius
574 2505 618 2535 rei
629 2512 734 2546 caput

396 2553 432 2582 C.
462 2558 510 2580 10.
555 2550 611 2589 (ι)
637 2552 767 2592 Itgerere
787 2558 840 2592 prr,
830 2550 894 2580 abra
906 2548 1046 2580 occurrit
1061 2548 1199 2603 ευρτὲΗΙ
1222 2557 1252 2580 2.
1286 2559 1315 2580 c.
1331 2557 1385 2586 4ς.
1409 2546 1564 2579 Similiter
1580 2547 1664 2577 Hor.

350 2596 370 2626 l.
386 2605 414 2625 1
428 2596 490 2624 Sat.
501 2603 533 2631 5,
546 2605 574 2623 V·
596 2604 646 2625 11.
672 2598 741 2624 lum
726 2599 834 2637 npmri
849 2597 952 2631 nautis,
969 2598 1066 2635 pueris
1085 2606 1209 2625 cosmeta
1232 2601 1327 2625 ’naute
1345 2595 1488 2634 Izgerere.
1535 2593 1665 2632 (2)Le-

349 2640 489 2682 gendum
508 2650 536 2668 vi
530 2638 647 2674 Qdetur
671 2641 757 2683 Quo(
769 2654 803 2681 φ
807 2654 850 2671 mn
867 2643 911 2671 illi
915 2641 948 2679 s
968 2641 1082 2680 consulis
1113 2643 1214 2680 imperf
1206 2652 1235 2668 o
1253 2640 1315 2669 &c
1337 2639 1401 2674 Illi,
1421 2647 1535 2679 nempe
1551 2635 1667 2679 Junius

352 2687 382 2715 «Sc
403 2683 561 2716 Manlius,
583 2694 664 2723 quos
677 2685 833 2717 decedere
844 2683 1135 2726 p1ovincir2consu1
1148 2683 1295 2724 jubebat.
1334 2681 1490 2722 voculas
1514 2684 1586 2723 quod
1598 2681 1664 2711 ele-

347 2739 463 2773 ganter
474 2728 632 2768 abundat,
653 2737 690 2761 ut
716 2729 808 2773 saepe.
855 2731 911 2773 (3)
937 2729 1079 2762 Vocavit
1106 2739 1192 2769 eum,
1213 2729 1271 2770 qui
1287 2738 1348 2772 pro
1364 2727 1519 2772 quaessore
1539 2726 1663 2758 Manlii

1579 2778 1662 2808 65²2,
