1804 3121
156 1090 289 1124 ‚Eumenis
304 1090 356 1120 ad-

153 1144 264 1169 ventus.

159 1845 363 1885 Lucretiuspr.

160 1893 189 1921 in
206 1891 329 1922 Boeott'd.

856 215 912 260 T.
963 215 1183 259 LIVII

367 332 603 375 hominibus
623 332 834 388 equisque,
856 334 1029 374 tironem
1061 336 1122 388 (2)
1144 332 1370 374 exercitum
1402 331 1569 374 ducenti
1599 330 1684 373 acie

368 392 565 434 instruct&
587 396 627 435 ἆ-
651 393 741 432 loco
767 398 782 443 Η
809 391 887 433 suo·
904 395 940 434 ἃ*
971 402 1152 445 tempore
1184 391 1390 431 obstitiffet
1411 405 1496 439 rex,
1525 405 1577 431 ne
1599 390 1684 430 Ro·

369 451 479 492 mani
502 450 669 505 quidem
690 449 890 502 abnuunt,
922 452 1066 506 magna
1101 450 1167 490 sua
1197 463 1291 489 cum
1312 450 1425 490 clade
1448 449 1563 490 fuiffe
1585 461 1689 503 pug-

368 518 550 550 naturos„
582 507 802 563 Postquam
826 509 1044 563 Gomphos
1065 509 1144 549 {ine
1174 507 1395 548 certamine
1426 518 1594 548 ventum
1614 506 1689 556 est,

369 576 517 623 praeter
554 567 751 623 gaudium
786 563 996 622 periculosi
1046 566 1168 607 saltus
1203 565 1395 620 superati,
1430 574 1703 621 contemptus*

371 639 536 680 quoque
559 625 753 674 hostium,-
787 623 891 666 adeo
917 625 1192 680 ignorantium
1227 624 1552 678 opportunitates
1586 624 1690 671 suas,

371 683 542 726 acceffit.
589 682 799 725 Sacrificio
820 684 895 725 rite
911 683 1109 739 perfecto,
1131 680 1285 731 consul,
1310 685 1347 722 8(
1365 681 1573 722 frumento
1595 681 1691 721 dato

372 742 587 791 militibus,
609 755 761 796 paucos
793 743 844 782 ad
864 742 1047 796 requiem
1075 743 1359 798 jumentorum
1389 740 1690 792 hominumque
1732 761 1737 765 -

374 809 557 841 moratus
573 800 675 851 dies,
697 798 829 854 quum
851 801 1010 841 audiret
1030 800 1164 855 vagari
1188 799 1438 840 Macedonas
1454 798 1601 839 effusos
1618 810 1692 851 per

372 858 636 910 Thessaliam,
652 858 877 912 vastarique
899 858 1100 899 sociorum
1123 872 1254 913 agros,
1277 857 1466 912 satisjam
1489 855 1693 896 refectum

374 916 547 957 militem
569 917 620 956 ad
640 915 832 956 Lariffam
862 917 989 957 ducit.
1022 917 1140 967 Inde,
1163 930 1290 969 quum
1313 916 1388 955 tria
1417 914 1542 954 millia
1564 913 1694 954 ferme

374 974 521 1015 abeffet
549 988 571 1013 a
598 973 773 1029 Tripoli,
813 975 974 1026 (Sceam
993 977 1156 1029 vocant)
1179 974 1297 1028 super
1317 974 1502 1014 Peneum
1530 985 1694 1013 amnem

375 1031 508 1088 posuit
528 1031 668 1072 castra.
728 1032 807 1072 Per
834 1033 941 1073 idem
963 1043 1124 1087 tempus
1149 1033 1352 1073 Eumenes
1375 1033 1424 1072 ad
1456 1030 1696 1072 Chalcidem

375 1089 546 1132 navibus
577 1089 735 1130 accessit
769 1105 864 1131 cum
906 1092 1047 1131 Attalo
1087 1101 1209 1145 atque
1249 1090 1452 1132 Athenaeo
1486 1089 1697 1135 fratribus,

375 1148 593 1191 Philetaero
623 1147 748 1189 fratre
783 1148 928 1190 relicto
961 1148 1151 1204 Pergami
1171 1151 1221 1189 ad
1253 1150 1422 1189 tutelam
1445 1148 1573 1200 regni.
1602 1147 1697 1187 inde

376 1220 474 1248 cum
497 1206 639 1247 Attalo
663 1209 705 1248 δε
731 1217 908 1261 quatuor
929 1207 1108 1247 millibus
1130 1208 1333 1261 peditum,
1356 1206 1466 1246 mille
1491 1205 1697 1260 equitum,

376 1266 428 1306 ad
448 1264 655 1305 consulem
681 1266 804 1308 venit.
867 1265 1061 1306 Chalcide
1082 1265 1222 1305 telleia
1247 1266 1331 1304 duo
1353 1264 1477 1303 millia
1498 1264 1699 1318 peditum,

376 1323 529 1377 quibus
557 1321 785 1365 Athenaeus
815 1323 1066 1378 praepofitus.
1099 1323 1150 1362 Et
1182 1323 1256 1363 alia
1278 1323 1423 1362 e6dem
1447 1322 1594 1362 auxilia
1611 1323 1701 1362 Ro-

376 1380 509 1422 manis
530 1394 584 1422 ex
604 1381 794 1422 omnibus
814 1383 995 1435 undique
1019 1381 1193 1421 Graeciae
1221 1381 1383 1436 populis
1404 1390 1701 1429 convenerunt,

378 1452 555 1494 quorum
591 1439 783 1493 pleraque
820 1439 940 1494 (adeo
977 1453 1097 1492 parva
1128 1443 1261 1494 erant)
1293 1440 1334 1479 in
1363 1437 1609 1479 oblivionem
1631 1439 1701 1479 ad-

378 1496 518 1539 dueta.
581 1496 856 1550 Apolloniatae
892 1507 1096 1537 trecentos
1129 1497 1302 1550 equites,
1335 1508 1502 1537 centum
1542 1497 1700 1551 pedites

379 1554 590 1596 miserunt.
653 1555 891 1596 AEtolorum
925 1557 987 1610 (3)
1009 1555 1083 1594 alae
1106 1556 1226 1595 unius
1243 1559 1268 1606 4
1283 1554 1418 1602 instar,
1441 1566 1641 1609 quantum
1660 1555 1702 1595 in

380 1614 466 1654 totfi
482 1622 603 1668 gente
621 1614 808 1667 equitum
826 1623 925 1663 erat,
942 1623 1134 1653 venerant
1152 1628 1161 1654 ε
1183 1616 1223 1654 δε
1242 1615 1279 1653 T
1282 1613 1522 1654 hessalorum
1538 1618 1598 1668 (4)
1612 1628 1702 1654 om-

380 1672 445 1712 nis
467 1671 672 1725 equitatus
690 1671 894 1726 separatus
916 1680 1014 1712 erat.
1036 1684 1118 1710 non
1139 1671 1229 1725 plus
1250 1673 1374 1726 quam
1393 1672 1564 1712 trecenti
1585 1683 1699 1713 erant

382 1729 541 1785 equites
558 1729 600 1768 in
614 1729 750 1770 castris
769 1730 985 1770 Romanis.
1021 1730 1163 1770 Achaei
1176 1729 1403 1783 juventutis
1421 1730 1514 1780 suae,
1538 1730 1701 1772 Cretico

382 1786 563 1828 maxime
584 1799 760 1837 armatu,
781 1789 832 1828 ad
855 1788 964 1827 mille
982 1789 1194 1828 dederunt.
1652 1812 1654 1815 >

440 1845 555 1888 LVI.
587 1844 674 1886 Sub
709 1846 816 1886 idem
849 1856 1010 1899 tempus
1046 1849 1084 1886 &
1122 1845 1168 1885 C.
1195 1845 1410 1886 Lucretius
1443 1855 1606 1900 praetor,
1630 1846 1702 1899 qui

384 1903 554 1944 navibus
575 1914 745 1957 praeerat
766 1904 813 1944 ad
837 1904 1158 1958 Cephalleniam,
1176 1905 1237 1944 M.
1255 1904 1445 1944 Lucretio
1465 1904 1587 1945 fratre
1607 1918 1702 1944 cum

384 1961 499 2002 claffe
520 1964 538 2014 ᾗ
560 1961 677 2015 super
700 1963 881 2002 Maleam
904 1962 1142 2003 Chalcidem
1170 1963 1273 2017 juffo
1304 1973 1455 2017 petere,
1488 1962 1569 2017 ipse
1591 1965 1705 2004 trire-

385 2032 496 2060 mem
528 2019 778 2069 conscendit,
811 2021 939 2060 finum
971 2020 1233 2061 Corinthium
1265 2030 1406 2074 petens
1429 2022 1476 2060 ad
1500 2035 1706 2075 praeoccu·

385 2078 538 2132 pandas
560 2077 602 2116 in
623 2078 784 2118 Boeotia
806 2093 882 2119 res.
915 2079 1062 2119 tardior
1094 2079 1131 2118 ei
1163 2078 1366 2133 navigatio
1397 2090 1562 2135 propter
1593 2077 1705 2118 infir-

386 2135 571 2175 mitatem
600 2137 782 2189 corporis
822 2136 913 2176 fuit.
996 2137 1056 2176 M.
1091 2137 1322 2187 Lucretius,
1357 2137 1594 2178 Chalcidem
1635 2138 1704 2177 ad-

386 2193 569 2246 veniens,
590 2207 716 2247 quum
735 2209 756 2234 a
771 2194 817 2237 P.
842 2195 1018 2236 Lentulo
1036 2195 1265 2235 Haliartum
1280 2196 1507 2251 oppugnari
1524 2195 1705 2242 audisset,

1503 2253 1702 2294 nuncium

389 2377 441 2401 ter
456 2371 574 2401 vexatio
590 2368 676 2401 inst-5
695 2369 712 2399 l.
731 2377 783 2408 43⁴
799 2380 828 2400 c.
849 2377 902 2401 21.
921 2369 953 2400 δε
970 2379 1022 2410 23.
1039 2370 1057 2401 l.
1075 2381 1130 2410 44.
1149 2382 1174 2403 c.
1187 2380 1220 2410 5.
1252 2370 1310 2411 (2)
1327 2370 1502 2402 Consulem
1517 2370 1706 2402 Romanum

389 2415 569 2446 exercitum
585 2414 729 2446 tironem
741 2413 873 2452 habere,
888 2414 986 2446 etiam
1004 2417 1137 2448 Perseus
1153 2428 1225 2457 cap.
1246 2426 1300 2455 52.
1323 2415 1412 2447 dicit.
1461 2415 1563 2456 Atqui
1580 2417 1707 2447 senatus

388 2460 590 2497 decreverat,
607 2467 637 2490 ut
652 2461 817 2490 centuriones
831 2461 983 2502 militi-filus
998 2468 1105 2492 veteres
1111 2463 1260 2502 scriberet,
1272 2475 1336 2503 quos
1346 2464 1442 2499 vellet,
1453 2472 1481 2492 c.
1496 2469 1549 2499 31.
1566 2461 1655 2502 quod
1672 2461 1706 2492 δε

390 2504 456 2544 ipse
473 2506 607 2536 fecerat.
625 2505 722 2546 supra
738 2515 765 2535 c.
789 2513 843 2543 32.
885 2505 940 2546 (3)
965 2506 1090 2547 Species
1106 2506 1202 2537 unius
1215 2507 1286 2542 alce,
1313 2507 1628 2548 unapropemodum
1645 2506 1705 2537 ala.

390 2550 454 2580 Ala
470 2550 559 2590 apud
575 2551 741 2581 Romanos
761 2557 984 2591 trecentorum
1000 2550 1102 2583 ferme
1117 2552 1266 2592 equitum
1283 2559 1362 2583 erat.
1407 2552 1463 2592 (4)
1477 2551 1623 2582 Omnino
1637 2551 1704 2593 lege

392 2593 434 2622 Et
454 2594 648 2636 ‘Thffzlorum
667 2597 771 2633 (omnis
782 2598 921 2635 equitatus
928 2597 1062 2637 speratus
1074 2600 1154 2634 erat)
1172 2610 1224 2627 non
1236 2599 1302 2638 plus
1313 2597 1394 2639 qubm
1411 2598 1476 2628 &c.
1518 2595 1705 2628 crevierius

392 2637 425 2668 δι
437 2638 727 2670 Drakenborchius
744 2639 913 2681 vulgatum
938 2641 1200 2682 interpretantur
1224 2652 1281 2684 per
1297 2643 1347 2672 huc
1363 2643 1571 2683 illuc-sparsus,
1587 2650 1706 2682 nempe

394 2691 453 2722 per
471 2683 617 2758 phfaesidia
628 2684 761 2717 urbium
776 2696 784 2718 ς
809 2685 899 2726 quod
921 2684 1000 2717 mihi
1017 2685 1049 2718 vi
1066 2687 1155 2719 vocis
1160 2689 1303 2730 fiper-are
1319 2687 1448 2730 prorsus
1464 2685 1605 2719 alienum
1616 2685 1705 2718 vide-

393 2733 457 2758 tur.
512 2749 518 2757 .
