1830 3131
164 231 173 239 Κ
187 204 272 246 300

889 192 1289 235 EPITOME

814 376 1059 419 LIBRI
1123 374 1335 418 CXXVI.

407 477 471 533 C·
505 496 739 547 CAESAR‚
770 510 899 550 quum
932 495 1027 535 effet
1061 507 1262 535 annorum
1293 493 1437 550 viginti
1478 493 1616 544 trium,
1653 491 1729 534 ob-

407 553 548 597 seffum
571 556 612 596 in
630 555 782 610 oppido
815 553 985 596 Perufiae
1017 553 1066 592 L.
1087 553 1336 602 Antonium,
1358 563 1636 608 conatumque
1657 551 1732 592 ali-

403 615 566 668 quoties
587 627 815 667 erumpere,
839 616 877 655 &
897 610 1120 666 repulsum,
1141 610 1250 651 fame
1266 612 1398 667 coegit
1415 612 1456 652 in
1478 611 1731 653 deditionem

406 674 564 723 venire;
596 672 749 727 ipsique
772 675 812 714 &
831 671 1022 712 omnibus
1045 669 1244 710 militibus
1265 671 1353 725 ejus
1374 671 1543 726 ignovit.
1602 670 1731 710 Peru-

407 731 500 772 fiam
551 730 688 772 diruit.
731 730 986 783 redactisque
1026 729 1068 768 in
1108 728 1348 782 potestatem
1391 730 1504 770 suam
1537 727 1729 770 omnibus

404 791 571 831 diversae
603 789 727 844 partis
748 788 1012 840 exercitibus,
1040 786 1195 827 bellum
1216 787 1317 834 citra
1340 789 1470 833 ullum
1491 787 1730 845 sanguinem¹

406 847 599 891 confecit.

797 1007 1041 1050 LIBRI
1115 1009 1350 1051 CXXVII.

410 1089 685 1172 PARTHL
706 1123 906 1176 Labieno,
927 1126 998 1180 qui
1019 1127 1359 1181 Pompeianarum
1380 1126 1556 1180 partium
1579 1124 1730 1178 fuerat⁸

405 1183 526 1236 duce,
550 1183 592 1223 in
625 1183 784 1239 Syriam
814 1184 1066 1240 irruperunt:
1100 1185 1288 1239 vinoque
1306 1185 1481 1230 Decidio
1499 1185 1626 1233 Saxa,
1663 1185 1729 1229 M.

408 1242 584 1284 Antonii
626 1243 778 1296 legam,
821 1253 949 1284 totam
985 1257 1076 1283 earn
1118 1243 1369 1297 provinciam
1411 1253 1728 1297 occupaverunt.

407 1303 473 1345 M.
496 1300 718 1349 Antonius,
740 1314 868 1355 quum
887 1303 936 1342 ad
951 1301 1103 1342 bellum
1126 1313 1266 1342 contra
1282 1301 1482 1342 Caesarem
1503 1301 1730 1357 gerendum

405 1361 660 1410 incitaretur,
691 1373 818 1400 uxore
851 1358 994 1402 Fulvia
1029 1360 1206 1407 dimissa.
1233 1374 1284 1400 ne
1316 1360 1548 1402 concor'diae
1576 1360 1730 1400 ducum

406 1419 597 1471 obstaret,
620 1431 718 1474 pace
741 1417 851 1459 facta
873 1433 967 1460 cum
990 1419 1164 1467 Caesare,
1196 1418 1372 1459 sororem
1395 1420 1483 1475 ejuq
1512 1417 1730 1459 ocraviam

407 1477 449 1518 in
471 1477 780 1518 matrimonium
804 1478 934 1518 duxit.
997 1480 1052 1525 Q.
1074 1477 1372 1529 Salvidienum,
1395 1476 1556 1518 consilia
1577 1475 1733 1518 nefaria

406 1546 548 1577 contra
585 1535 788 1577 Caesarem
828 1537 1035 1585 molitum,
1072 1535 1223 1576 indicio
1263 1535 1332 1576 suo
1367 1536 1579 1590 protraxit,
1617 1534 1732 1590 isque

405 1596 622 1635 damnatus
655 1602 830 1634 mortem
859 1594 926 1637 fibi
960 1593 1168 1635 conscivit.
1230 1593 1273 1634 P.
1302 1594 1539 1644 Ventidius,
1561 1592 1730 1634 Antonii

406 1654 580 1709 legatus,
619 1652 809 1701 Parthos,
832 1653 980 1707 proelio
1019 1651 1165 1701 fletos,
1194 1652 1307 1707 Syria
1343 1652 1515 1708 expulit,
1546 1651 1730 1693 Labieno

405 1726 550 1752 eorum
589 1714 692 1752 duce
733 1712 880 1751 occiso.
948 1713 1093 1762 Quum
1125 1710 1282 1751 vicinus
1322 1709 1449 1752 Italiae
1485 1710 1612 1753 hostis
1633 1710 1732 1751 Sex.

406 1771 629 1825 Pompeius
652 1770 836 1811 Siciliam
860 1781 1031 1818 teneret,
1067 1771 1104 1810 &
1131 1769 1423 1809 commercium
1453 1768 1630 1810 a'nuonae
1650 1769 1730 1809 irn-

435 1830 576 1879 ediret,
607 1843 701 1869 cum
736 1842 783 1868 eo
817 1828 1059 1883 postulatam
1097 1842 1236 1880 pacem
1270 1827 1407 1868 Caesar
1445 1831 1501 1879 &N
1521 1827 1730 1868 Antonius

405 1845 607 1938 fecerunt,
629 1889 683 1927 ita
707 1897 750 1927 ut
785 1887 963 1930 Siciliam
1001 1886 1250 1941 provinciam
1291 1885 1471 1928 haberet.
1531 1886 1734 1934 Praeterea

406 1957 541 1988 motus
568 1947 718 1988 Afrrcae
740 1948 776 1988 &
805 1945 910 1987 bena
934 1945 990 1987 ibi
1010 1945 1119 2002 gesta
1141 1944 1337 1986 continet.

807 2125 882 2166 LI
909 2125 943 2165 Β
970 2125 1007 2165 R
1033 2125 1050 2165 I
1119 2124 1375 2165 CXXVIII.

407 2212 578 2299 (QUU
589 2241 626 2279 M
643 2241 734 2282 Sex.
760 2241 982 2296 Pompeius
1003 2242 1138 2284 rursus
1161 2241 1383 2283 latrociniis
1405 2254 1515 2281 mare
1538 2237 1735 2281 infestum

406 2301 604 2345 redderet,
642 2314 714 2340 nec
748 2315 906 2354 pacem,
927 2315 1052 2354 quam
1074 2305 1302 2355 acceperat,
1336 2299 1558 2354 praestaret,
1581 2297 1733 2348 Caesar,

407 2358 620 2399 necessario
643 2356 833 2399 adversus
856 2374 950 2400 eum
974 2359 1080 2400 bello
1101 2359 1297 2413 suscepto,
1335 2357 1496 2400 duobus
1518 2355 1728 2405 navalibus

406 2415 562 2472 proeliis
597 2416 723 2457 dubio
748 2427 896 2458 eventu
925 2420 1134 2473 pugnavit.
1169 2416 1468 2466 P.Ventidius,
1491 2418 1648 2471 legatus
1669 2417 1728 2456 M.

409 2473 599 2525 Antonii,
627 2475 798 2516 Parthos
831 2475 871 2516 in
894 2476 1009 2532 Syria
1031 2477 1179 2531 proelio
1204 2475 1314 2524 vicit,
1336 2488 1557 2531 regemque
1585 2486 1730 2514 eorum

407 2533 570 2574 occidit.
635 2535 763 2583 Judaei
799 2549 964 2589 quoque
986 2549 1008 2574 a
1040 2535 1182 2591 legatis
1208 2533 1397 2594 Antonii¹
1429 2531 1585 2575 subatffi
1623 2530 1728 2582 sunt.

411 2592 612 2633 Praeterea
631 2591 724 2633 belli
737 2592 864 2635 Siculi
883 2603 1121 2649 apparatum
1144 2593 1339 2636 continet.

1567 2755 1734 2805 LIBRE
