1804 3121
282 245 318 287 1,
341 244 358 286 1
381 245 412 285 B
436 243 467 284 E
491 245 530 285 R
578 242 732 286 XLIII.
780 242 816 286 c
840 245 878 285 A
901 244 946 286 P.
992 244 1044 285 x.
1094 245 1238 301 (XII.)

108 360 194 403 dies
227 361 444 416 sexaginta,
477 359 599 415 quiam
629 361 669 401 in
692 361 941 416 provinciam
971 360 1098 412 venit,
1116 359 1275 402 dimisit.
1301 359 1428 401 socio-

108 434 199 461 rum
221 419 395 460 nominis
418 420 553 460 Latini
575 422 755 462 exercitu
773 419 929 461 mature
947 418 988 458 in
1013 420 1182 460 hiberna
1201 419 1362 459 Lunam
1388 422 1426 459 &

106 478 218 520 Pisas
236 477 429 528 deduCto,
451 478 532 533 ipse
555 493 650 520 cum
667 479 871 534 equitibus
894 477 1040 520 Gallice
1062 477 1282 534 provinciae
1300 477 1431 530 plera·

107 550 186 590 que
203 536 351 591 oppida
384 537 495 578 adiit.
558 537 775 592 Nusquam
808 536 918 587 alibi,
947 536 1072 592 quam
1104 538 1148 578 in
1169 535 1431 584 Macedonia,

106 595 259 636 bellum
299 604 403 636 erat:
439 595 671 650 suspthurn
710 607 847 637 tamen
879 598 919 638 δε
963 596 1163 636 Gentium
1197 579 1480 656 Illyriorum?

105 667 242 708 regem
261 653 473 695 habebant.
509 655 645 709 itaque
675 658 712 697 &
736 654 833 696 msto
870 668 990 695 naves
1018 658 1048 704 {f
1066 664 1227 695 ornatas
1249 668 1271 693 a
1294 652 1430 692 Brun-

105 713 204 753 difio
239 712 398 753 senatus
434 713 589 754 censuit
624 714 843 755 mittendas
879 714 929 753 ad
961 712 1009 754 C.
1046 713 1215 755 Furium
1250 713 1431 767 legatum

104 771 236 816 Issam,
255 771 325 825 qui
347 786 444 813 cum
470 773 653 826 praesidio
674 774 848 813 duarum
879 772 1084 813 Iffenfium
1108 771 1273 812 navium
1291 770 1434 811 insulae

35 860 38 864 -
104 843 290 885 praeerat.
312 831 394 871 duo
417 831 542 871 millia
573 831 750 871 militum
784 831 825 871 in
856 845 923 872 eas
956 845 1078 872 naves
1111 830 1202 871 sunt
1230 830 1433 884 imposita,

104 903 197 942 quae
219 889 275 945 Q.
301 890 479 930 Maenius
516 900 666 944 praetor
697 904 747 931 ex
787 888 1132 930 senatusconsulto
1170 889 1212 930 in
1244 889 1290 929 ea
1319 898 1434 943 parte

106 948 250 997 Italiae,
272 963 366 1003 quae
399 948 560 1004 objeeca
600 949 764 1005 Illyrico
796 950 868 998 est,
901 948 1161 1004 conscripsit:
1214 951 1255 990 δι’
1292 947 1435 988 consul

103 1006 306 1048 Hostilius
329 1010 410 1065 Ap.
434 1007 652 1048 Claudiurn
669 1007 711 1048 in
735 1008 942 1064 Illyricum
957 1022 1052 1048 cum
1067 1018 1242 1062 quatuor
1257 1005 1436 1046 millibus

105 1065 292 1120 peditum
315 1066 433 1117 misit,
466 1077 510 1106 ut
533 1068 689 1108 accolas
713 1066 864 1124 Illyrici
886 1075 1116 1107 tutarentur
1138 1068 1212 1121 (ι),
1232 1064 1318 1119 qui,
1349 1078 1435 1104 non

105 1134 325 1165 contentus
359 1124 422 1174 iis,
463 1139 564 1180 quas
596 1126 835 1175 adduxerat,
862 1125 1006 1179 copiis,
1041 1123 1192 1167 auxilia
1225 1123 1274 1164 ab
1316 1122 1434 1164 sociis

39 1206 44 1211 -
104 1187 124 1238 ᾗ
142 1184 410 1239 corrogando,
428 1185 475 1224 ad
498 1184 594 1225 οᾶο
613 1184 738 1225 millia
752 1184 968 1225 hominum
990 1186 1052 1240 (2)
1073 1183 1184 1225 vario
1202 1196 1349 1238 genere
1370 1196 1435 1221 ar-

105 1241 260 1282 mavit:
311 1244 601 1297 peragrataque
635 1243 748 1284 omni
783 1244 830 1284 ea
866 1243 1049 1299 regione,
1082 1244 1134 1284 ad
1170 1240 1436 1298 Lychnidum

108 1299 430 1343 Dassaretiorum
453 1301 648 1342 consedit.

166 1358 220 1400 X.
257 1359 402 1414 (XII.)
443 1359 568 1400 Haud
591 1360 733 1414 procul
763 1359 855 1400 inde
877 1359 1045 1400 Uscana
1065 1358 1263 1414 oppidum
1287 1357 1434 1398 finium

108 1417 351 1472 plerumque
375 1421 435 1473 (1)
467 1418 600 1458 Persei
630 1428 726 1458 erat.
751 1418 893 1457 decem
915 1418 1041 1458 millia
1070 1417 1222 1458 civium
1243 1415 1435 1466 habebat,

111 1478 149 1517 δι
175 1477 400 1525 modicum,
417 1476 608 1517 custodiae
623 1475 755 1524 causa,
779 1475 1034 1517 Cretenfium
1051 1475 1295 1532 praesidium.
1330 1475 1433 1516 Inde

107 1535 246 1576 nuncii
266 1536 317 1575 ad
349 1535 571 1577 Claudium
606 1535 757 1576 occulti
779 1533 1022 1577 veniebant:
1058 1536 1102 1575 Si
1127 1532 1282 1589 propiics
1315 1536 1435 1589 copias

113 1594 338 1650 adtnovg‘ffi’t,
368 1601 530 1649 paratos
549 1593 651 1651 fire,
685 1594 750 1648 qui
777 1593 979 1646 proderent
999 1595 1138 1635 urbem.
1209 1596 1307 1647 Μῆ-
1325 1595 1438 1648 operte

102 1654 268 1707 pretium
283 1653 346 1710 effi
359 1671 373 1693 .·
406 1668 474 1692 non
481 1653 525 1709 fi
545 1654 742 1709 amicefque
761 1651 1002 1708 tanthm‚st‘d
1020 1655 1129 1693 etiam
1151 1651 1286 1692 milites
1297 1652 1438 1708 praedd

109 1712 354 1765 expleturum.
417 1711 519 1765 Spes
547 1710 760 1766 cupiditati
789 1712 955 1752 admota
981 1712 1034 1753 ita
1057 1722 1082 1764 4
1111 1711 1329 1752 occaecavit
1351 1711 1438 1751 ani-

107 1784 239 1820 mum,
268 1780 313 1811 ut
335 1784 410 1811 nec
438 1784 488 1810 ex
518 1770 580 1820 iis,
602 1771 673 1825 qui
704 1781 919 1820 venerunt,
941 1784 1191 1825 quemquam
1214 1770 1406 1811 retineret
1422 1790 1435 1816 ;

109 1843 185 1871 nec
203 1828 373 1879 obfides,
410 1829 561 1885 pignus
594 1829 757 1870 futuros
779 1828 890 1869 furto
914 1832 955 1871 δε
988 1829 1131 1871 fraude
1162 1829 1331 1885 agendae
1362 1829 1436 1882 rei,

108 1888 317 1943 posceret3
349 1902 424 1929 nec
465 1887 644 1930 mitteret
676 1889 963 1943 exploratum:
994 1903 1069 1930 nec
1111 1887 1237 1928 fidem
1277 1888 1436 1943 accipe·

109 1956 172 1988 ret
193 1949 267 2003 (2).
285 1948 350 1988 die
372 1944 533 1987 tantum
563 1946 709 1989 statuta
733 1946 945 2002 profedms
976 1963 998 1988 a
1028 1947 1259 2005 Lychnido,
1281 1948 1438 1988 duode-

108 2007 192 2046 cim
233 2006 359 2046 millia
400 2005 449 2046 ab
486 2006 601 2056 urbe,
623 2008 674 2048 ad
704 2020 828 2061 quam
861 2007 1071 2058 tendebat,
1124 2005 1258 2061 posuit
1293 2007 1436 2048 castra.

112 2065 272 2120 Quarta
294 2065 387 2105 inde
419 2064 553 2120 vigilia
589 2065 698 2122 figna
735 2065 878 2116 movit,
911 2066 1020 2107 mille
1053 2065 1183 2106 ferme
1218 2065 1269 2105 ad
1303 2065 1437 2119 praefi-

111 2124 227 2164 dium
244 2122 466 2164 castrorum
481 2123 634 2165 relic‘Itis
653 2140 662 2165 :
694 2124 965 2178 incompositi,
988 2126 1110 2180 longo
1128 2123 1290 2179 agmine
1307 2124 1436 2173 effusi,

109 2182 403 2237 infrequentes,
424 2181 808 2238 quum'notfi'turnus
830 2196 944 2223 error
976 2184 1189 2238 dissiparet,
1220 2184 1270 2223 ad
1292 2181 1436 2223 urbem

109 2251 394 2296 pervenerunt.
456 2241 596 2282 Crevit
618 2241 882 2298 negligentia,
907 2243 1121 2298 postquam
1143 2241 1351 2282 neminem
1373 2256 1437 2282 ar-

109 2313 268 2342 matum
289 2300 331 2340 in
362 2299 490 2342 muris
524 2301 730 2342 viderunt.
792 2299 1010 2354 Ceterum,
1049 2302 1119 2343 ubi
1151 2300 1334 2356 primum
1365 2299 1439 2340 sub

1321 2358 1440 2415 jactu

158 2511 196 2543 C.
210 2519 242 2552 9.
274 2509 331 2551 (¹)
354 2508 463 2552 Magis
484 2509 626 2552 placeret
639 2514 804 2545 tutaremu-
832 2519 950 2551 nempe
968 2511 1035 2550 Ap.
1053 2508 1221 2540 Claudius.
1259 2509 1313 2551 (2)
1328 2508 1443 2540 Potius

110 2560 197 2588 varii
207 2560 333 2599 generis.
376 2557 514 2586 Mixtum
533 2569 621 2598 genus
635 2557 773 2586 hominum
797 2554 876 2585 dicit
893 2555 990 2597 supra
1015 2554 1038 2585 l.
1052 2564 1107 2592 42.
1125 2564 1199 2594 c.5:
1223 2554 1256 2585 ὃ(
1268 2554 1325 2594 58.
1339 2557 1442 2586 mixtos

111 2603 234 2634 ‘omines
248 2601 270 2633 l.
289 2610 343 2641 37.
359 2612 386 2633 c.
402 2610 444 2640 39
463 2601 495 2632 δε
514 2611 569 2639 40.

159 2651 198 2681 C.
213 2657 266 2679 10.
305 2649 360 2689 (1)
378 2648 453 2678 Hoc
479 2646 641 2689 oppidum
663 2646 697 2677 in
722 2645 842 2677 finibus
865 2644 1071 2678 Macedoniae
1095 2644 1128 2677 δε
1151 2644 1271 2690 Illyrici
1292 2645 1444 2689 positum,

112 2694 215 2725 modo
233 2692 344 2734 hujus,
358 2692 460 2724 modo
476 2692 563 2724 illius
577 2691 710 2725 ditionis
723 2699 816 2730 erat;
841 2692 905 2730 sed,
932 2700 970 2724 ut
988 2691 1181 2734 plurimum,
1204 2691 1444 2724 Macedonicae.

116 2741 171 2782 (α)
183 2739 312 2782 Nempe
322 2738 557 2782 jurejurando.
582 2737 688 2781 Supra
703 2738 724 2770 1.
747 2747 800 2772 22.
816 2749 842 2770 e.
860 2738 917 2779 58.
939 2751 985 2771 nec
1002 2740 1108 2782 pignus
1132 2739 1301 2783 aliudfides',
1315 2738 1398 2779 quam
1414 2745 1447 2768 ut

1306 2787 1444 2826 jurarent

1573 260 1650 312 125

1456 1369 1518 1410 Ap.
1538 1368 1626 1399 Clau-

1454 1417 1516 1444 dius
1530 1416 1568 1444 ab
1583 1415 1639 1456 Us-

1453 1460 1609 1503 canerfihus

1453 1507 1553 1550 caesut.
