1804 3121
135 509 223 551 C‘nff·
244 511 329 551 effi-1-

134 558 168 585 oe'u
172 562 200 584 nt
218 558 340 586 ordinem

133 601 292 642 equaestrem.

137 1724 194 1756 Tr.
210 1727 254 1766 pl.

133 1782 203 1803 aetem
209 1775 244 1803 iis
255 1772 329 1802 dicit.

865 201 917 244 T.
962 201 1158 244 L1V11

354 318 610 357 ademerunt.
638 319 679 358 in
715 318 761 359 eii
796 333 839 360 re
878 334 1007 373 quum
1035 320 1261 374 equestrem
1286 320 1471 362 ordinem
1489 320 1678 361 offendis-

358 375 534 430 sent,(2)
567 375 773 417 flammam
817 378 976 419 invidiae
1017 380 1200 434 adjecere
1233 379 1386 429 edicto,
1425 393 1507 432 quo
1541 377 1678 419 edixe-

357 443 467 484 runt,
501 435 564 475 Ne
595 439 678 491 quis
703 452 842 488 eorum,
877 438 942 492 qui
974 435 1033 493 Q
1058 437 1210 487 Fulvio,
1242 440 1296 482 A.
1321 437 1504 494 Pqst‘umio
1524 427 1680 493 censo‘ri-

357 494 423 533 bus
437 494 584 547 publica
615 496 813 550 veHigalia
847 504 915 536 aut
947 499 975 543 ἹῘ
1011 496 1108 536 ultro
1134 498 1276 537 tributa
1310 498 1402 537 cond
1421 497 1588 553 uxrffi‘nt,
1630 495 1682 536 ad

358 556 386 600 ἿῘ
404 552 542 608 hqstam
551 552 664 608 suam
683 554 882 605 accederet,
888 555 1054 610 sbi-iusve
1072 564 1139 595 aut
1153 558 1182 604 Ἥ
1198 555 1322 613 qffinis
1335 557 1414 610 ejus
1434 555 1681 595 conduHionis

356 612 447 668 cffbt.
508 611 625 666 Saepe
661 613 702 653 id
732 615 944 668 querendo
975 610 1131 654 veteres
1167 614 1375 668 publicani
1398 629 1527 668 quum
1550 613 1680 668 impe-

358 681 461 710 trare
485 671 712 724 nequissent
734 672 783 712 ab
806 671 963 723 senatu,
998 682 1042 712 ut
1074 674 1244 713 modum
1266 671 1453 728 potestati
1486 671 1679 714 censoriae

357 729 632 782 imponerent,
662 731 827 771 tandem
850 731 1060 772 tribunum
1078 731 1205 786 plebis
1227 732 1274 772 P.
1299 731 1518 781 Rutilium,
1555 745 1607 771 ex
1620 731 1679 770 rei

357 788 525 842 privatae
543 789 807 830 contentione
834 790 983 829 iratum
1016 790 1263 840 censoribus,
1296 801 1515 843 patronum
1547 788 1677 830 causae

356 845 469 886 naffi
501 846 605 886 sunt.
667 847 873 890 Clientem
898 851 959 903 (3)
996 848 1231 890 libertinum
1255 848 1450 903 parietem
1482 848 1524 888 in
1555 847 1680 888 Sacra

356 905 419 945 via
449 904 640 945 adversils
680 907 787 947 aedes
819 916 843 958 †
873 906 1056 960 publicas
1089 908 1277 948 demoliri
1317 907 1528 963 jufferant,
1562 904 1677 960 quod

354 963 520 1018 publico
543 967 572 1010 ἿῘ
594 964 862 1005 inaedificatus
894 965 1002 1005 efl'et.
1037 966 1226 1020 appellati
1261 981 1282 1006 a
1304 970 1328 1017 ΔΓ
1350 966 1509 1020 privato
1548 964 1679 1005 tribu,

353 1022 410 1063 ni.
433 1036 563 1075 quum
600 1032 747 1077 praeter
795 1023 1004 1064 Rutilium
1049 1039 1172 1065 nemo
1224 1025 1509 1075 intercederet,
1540 1023 1684 1065 censo-

353 1094 418 1125 res
459 1081 509 1122 ad
540 1086 564 1133 †
594 1081 765 1136 pignora
805 1082 1002 1137 capienda
1032 1083 1243 1134 miserunt,
1294 1084 1573 1137 mulctamque
1606 1096 1681 1136 pro

354 1138 553 1179 concione
585 1142 610 1191 4
626 1140 783 1193 privato
829 1142 1034 1182 dixerunt.
1097 1142 1209 1183 Hinc
1260 1141 1523 1183 contentione
1574 1141 1681 1191 orffa,

355 1212 485 1251 quum
521 1208 676 1239 veteres
710 1198 916 1254 publicani
939 1200 976 1241 se
999 1201 1049 1241 ad
1073 1201 1283 1242 tribunum
1305 1200 1580 1250 contulissent,
1611 1214 1678 1240 ro-

354 1256 464 1313 gatio
504 1256 670 1311 repente
712 1257 784 1298 sub
825 1258 947 1299 unius
984 1258 1135 1299 tribuni
1172 1259 1338 1300 nomine
1369 1259 1683 1312 promulgatur:

359 1313 460 1369 Qzae
476 1316 628 1370 publica
649 1318 862 1371 veHigalia,
883 1320 913 1366 ἹῘ
947 1317 1044 1358 ultro
1078 1319 1221 1358 tributa
1249 1317 1293 1358 C.
1336 1316 1516 1357 Claudius
1541 1315 1593 1359 ἐφ’
1615 1317 1679 1358 ffi-

358 1373 597 1429 Sempronius
615 1375 795 1432 loccgffi’nt,
811 1392 852 1416 ea
873 1385 960 1416 rata
981 1376 1106 1416 locatio
1122 1393 1164 1416 ne
1185 1377 1278 1434 effit.
1301 1376 1344 1416 de
1358 1374 1500 1431 integro
1518 1375 1680 1415 locaren-

356 1440 439 1482 tur,
474 1431 526 1474 {55⁹
565 1441 608 1472 ut
639 1435 803 1474 omnibus
834 1435 1039 1477 redimendi
1077 1435 1131 1477 ὅδ’
1149 1434 1369 1476 conducendi
1382 1432 1589 1488 promiscue
1606 1435 1682 1489 jus

355 1491 447 1547 fft.
507 1491 634 1531 Diem
676 1493 727 1534 ad
768 1492 856 1548 ejus
872 1496 935 1547 (4)
979 1493 1235 1548 rogationem
1277 1493 1450 1534 concilio
1492 1491 1681 1534 tribunus

357 1548 486 1604 plebis
506 1549 622 1593 dixit.
640 1550 712 1605 qui
741 1549 956 1605 postquam
987 1552 1113 1601 venit,
1143 1562 1188 1592 ut
1210 1552 1394 1593 censores
1422 1552 1468 1591 ad
1493 1551 1681 1604 ssdiffua-

357 1608 539 1649 dendum
581 1609 872 1664 processerunt,
907 1610 1100 1651 Graccho
1139 1610 1316 1660 dicente,
1346 1610 1548 1650 filentium
1586 1609 1679 1652 fuit.

357 1681 487 1720 quum
508 1667 714 1722 Claudio§
737 1668 1122 1724 obstreperetur,(5)
1150 1669 1398 1710 audientiam
1421 1668 1555 1709 facere
1577 1683 1682 1724 prae-

358 1739 504 1766 eonem
523 1727 646 1782 jussit.
677 1729 743 1769 Eo
765 1726 893 1777 ῐαξὶο,
909 1728 970 1782 (6)
1002 1736 1211 1769 avocatam
1246 1743 1267 1768 a
1290 1728 1327 1768 se
1350 1727 1591 1768 concionem
1609 1727 1682 1767 tri-

357 1783 492 1825 bunus
513 1785 694 1838 questus,
728 1788 766 1830 8(
804 1786 846 1826 in
882 1786 1070 1827 ordinem
1103 1787 1182 1839 se†
1202 1786 1412 1838 coactum,
1443 1799 1492 1826 ex
1510 1785 1682 1840 Capito·

355 1843 427 1893 lio,
460 1843 529 1883 ubi
566 1855 651 1884 erat
677 1845 912 1892 concilium,
954 1844 1064 1885 abiit.
1098 1845 1263 1886 Postero
1304 1845 1370 1884 die
1408 1843 1594 1899 ingentes
1617 1855 1682 1885 tu-

357 1903 512 1942 multus
533 1906 558 1954 4
578 1903 697 1945 ciere.
773 1903 840 1944 Ti.
884 1903 1063 1944 Gracchi
1104 1902 1282 1957 primum
1322 1903 1430 1944 bona
1471 1903 1681 1944 consecra-

355 1960 413 2000 vit
428 1963 509 2016 (7),
526 1959 638 2016 quod
662 1962 701 2001 in
724 1962 878 2002 mulcta
901 1961 1217 2018 pignoribusque
1238 1964 1344 2019 ejus,
1375 1961 1446 2016 qui
1468 1960 1681 2002 tribunum

357 2020 602 2074 appellasset,
633 2020 902 2062 interceffioni
943 2035 1026 2061 non
1067 2023 1262 2076 parendo,
1313 2020 1352 2061 se
1403 2020 1445 2060 in
1492 2019 1680 2061 ordinem

356 2078 559 2134 coegisset.
620 2079 668 2120 C.
691 2079 865 2123 Claudio
896 2079 1004 2123 diem
1045 2080 1166 2133 dixit,
1199 2077 1314 2135 quod
1355 2078 1597 2120 concionem
1629 2077 1680 2119 ab

358 2136 396 2178 se
418 2137 629 2188 avocasset,
663 2140 702 2180 &
739 2138 899 2194 utrique
936 2137 1090 2183 censori
1131 2137 1452 2197 perduellionem
1476 2137 1514 2181 se
1534 2138 1684 2194 †judi-

1585 2209 1678 2237 care

347 2276 429 2321 fun.
476 2274 533 2315 (ι)
549 2273 671 2306 Οόῑυῐη
684 2273 716 2306 in
734 2274 765 2307 se
782 2274 937 2317 equestris
954 2274 1078 2309 ordinis
1097 2274 1200 2316 mag-is
1233 2273 1485 2306 inflammavere.
1517 2273 1683 2307 Videlicet

360 2319 528 2363 publicani
556 2332 593 2352 ex
621 2320 760 2361 equestri
785 2323 900 2352 ordine
922 2329 1025 2354 erant.
1072 2320 1202 2361 (3)Vel
1221 2321 1300 2363 lege,
1324 2320 1375 2351 vel
1398 2319 1509 2351 saltem
1524 2319 1680 2362 intellige,

361 2368 496 2397 Clientem
514 2369 583 2409 ejus,
606 2376 723 2408 nempe
745 2367 876 2398 Rutilii.
924 2368 980 2407 (4)
995 2368 1123 2408 Nempe
1147 2370 1315 2408 rogationis:
1337 2365 1460 2397 adeam
1477 2365 1681 2408 rogationem

359 2412 547 2454 rogandam.
556 2414 675 2454 Rogatio
687 2411 731 2442 est
747 2412 907 2454 quidquid
925 2413 964 2444 ad
983 2412 1144 2454 populum
1157 2413 1272 2443 fertur.
1323 2412 1568 2453 Promulgahatur
1585 2421 1679 2453 roga-

359 2458 418 2495 tio,
434 2468 536 2498 quum
553 2458 587 2489 in
605 2456 739 2500 publico
753 2458 872 2500 scripta
887 2465 1130 2501 proponeretur
1146 2467 1205 2498 per
1221 2456 1451 2488 trinundinum
1466 2455 1678 2498 inspicienda.

359 2505 529 2546 Rogabatur
545 2514 629 2541 tum,
650 2513 753 2544 quum
771 2503 811 2535 de
828 2503 864 2535 ee)
879 2503 1021 2546 populus
1038 2503 1071 2535 in
1089 2503 1279 2544 suffragium
1304 2502 1510 2534 mittebatur.
1556 2502 1678 2534 Mendi

359 2555 472 2581 tamen
490 2551 542 2583 hic
559 2552 649 2583 locus
665 2549 830 2593 suspedtus
848 2549 901 2581 est.
948 2552 1002 2589 (5)
1018 2549 1123 2581 Plaut.
1140 2549 1172 2580 in
1199 2550 1289 2580 Poen.
1303 2548 1391 2579 Prol.
1404 2558 1434 2579 v.
1451 2557 1503 2580 ιι.
1544 2549 1679 2590 Exsurge

356 2601 465 2635 prena,
479 2599 537 2638 fac
548 2596 651 2640 populo
668 2597 851 2626 audientiam.
899 2595 971 2627 Hac
983 2606 1063 2627 voce
1077 2595 1147 2626 Cic.
1158 2593 1330 2634 aliquoties
1346 2593 1460 2625 utitur.
1495 2590 1551 2633 (6)
1571 2592 1678 2624 Nimi-

361 2649 434 2672 rum
445 2643 596 2675 tribunus
607 2640 748 2672 habebat
759 2639 850 2672 illam
861 2640 1065 2679 concionem,
1080 2641 1113 2671 δι
1124 2639 1263 2671 concilio
1274 2646 1425 2681 praeerat,
1438 2648 1505 2669 non
1517 2637 1679 2669 censores.

363 2685 478 2726 Quum
489 2688 590 2729 igitur
601 2697 662 2727 pro
675 2686 830 2727 potestate
838 2685 968 2729 juffiss‘et
982 2686 1138 2718 Claudius
1150 2695 1336 2727 praeconem
1349 2681 1547 2715 audientiam
1560 2685 1678 2720 facere,

362 2730 535 2764 videbatur
560 2730 704 2764 avocaffe
732 2731 923 2763 concionem
939 2743 958 2763 a
974 2730 1119 2769 tribuno,
1140 2730 1174 2762 id
1199 2729 1254 2767 est,
1277 2728 1443 2761 concionis
1466 2728 1677 2762 moderamen

363 2775 497 2808 tribuno
513 2776 684 2813 abstulisse,
705 2776 738 2807 δι
752 2776 810 2809 fibi
826 2776 1010 2818 vindicasse.
1057 2779 1114 2818 (7)
1136 2778 1208 2809 Hoc
1219 2774 1343 2807 tribuni
1359 2773 1462 2816 plebis
1475 2773 1552 2816 saepe
1565 2773 1663 2806 facie-

361 2820 441 2854 bant
469 2821 505 2855 in
521 2823 689 2861 concione,
710 2830 800 2857 certo
831 2823 976 2866 quodam
1004 2823 1180 2856 verborum
1203 2819 1355 2858 caraune,
1377 2819 1488 2852 foculo
1510 2819 1626 2862 pofito,
1641 2820 1675 2850 δε

1528 2864 1678 2900 adhibito
