1830 3131
432 190 832 233 EPtTOME
891 192 1086 248 Lm.53.

78 315 258 367 Chalcis,
281 331 373 370 quae.
409 314 560 356 auxilio
598 315 780 367 fuerant,
822 314 981 356 dirutae.
1044 314 1137 369 Ipse
1174 314 1222 356 L.
1260 318 1405 359 Mum-

81 375 188 416 mius
223 374 598 416 abstinentissimum
619 374 753 415 virum
776 372 872 430 egit.
907 386 983 415 nec
1015 374 1244 428 quicquum
1276 389 1326 415 ex
1358 377 1406 419 iis

81 434 230 489 opibus
249 433 598 488 ornamentisque,
639 448 732 489 qua>
759 432 956 487 praedives
988 433 1213 474 Corinthos
1249 433 1407 485 habuit,

82 493 124 534 in
147 494 318 534 domum
341 493 427 548 ejus
457 492 655 546 pervenit.
690 493 745 548 Q.
769 492 965 534 Caecilius
997 492 1198 534 Metellus
1229 493 1280 533 de
1319 495 1408 533 An-

82 553 215 593 drisco
235 551 529 606 triumphavit3
562 551 608 593 P.
628 551 846 593 Cornelius
868 551 1007 606 Scipio
1029 551 1253 593 Africanus
1277 551 1413 592 AEmi-

81 611 214 652 liunus
232 611 281 651 de
302 610 558 665 Karthagine
576 614 615 652 ὃς
640 611 690 652 de
707 610 974 651 Hasdrubale.
1022 610 1237 652 Viriathus
1259 611 1300 651 in
1316 611 1414 653 His..

81 670 202 726 pania
219 669 402 724 primum
425 684 474 710 ex
498 670 654 724 pastore
677 679 861 719 venator,
884 684 934 710 ex
956 680 1148 711 venatore
1164 672 1282 720 latro,
1316 685 1412 711 mox

52 778 57 783 ῃ
77 729 178 788 justi
221 743 386 785 quoque
435 725 642 771 exereitus
679 730 766 771 dux
803 727 957 780 faetus,
994 739 1122 770 totam
1162 729 1413 771 Lusitaniam

81 789 326 843 occupavit3
360 790 427 830 M.
465 789 665 830 Vetilium
698 803 768 843 pra
785 797 931 838 torem,
964 788 1054 829 fuso
1090 789 1179 845 ejus
1213 789 1414 840 exercitu,

80 847 218 902 cepit:
251 848 340 903 post
364 862 490 903 quem
524 848 560 889 C
606 847 791 889 Plautius
816 862 889 901 pru,
902 859 965 888 tor
988 847 1117 888 nihilo
1138 847 1303 889 felicius
1326 862 1415 889 rem

79 906 225 963 gessit:
259 918 505 961 tantumque
532 906 696 948 terroris
729 906 762 948 is
804 905 931 948 hostis
963 906 1116 956 intulit,
1149 916 1195 947 ut
1225 904 1416 949 adversus

79 980 177 1006 eum
200 966 400 1009 consulari
423 980 527 1016 opus
549 967 643 1007 effet
680 969 720 1008 δε
743 967 862 1015 duce,
896 968 937 1008 δε
971 966 1169 1007 exercitu.
1211 966 1416 1009 Praeterea

81 1035 221 1067 motus
245 1025 386 1082 Syriae,
410 1028 451 1067 &
467 1025 573 1067 bella
593 1025 699 1066 inter
720 1039 836 1081 reges
850 1025 960 1080 gesta
974 1025 1226 1067 referuntur.
1287 1026 1416 1066 Alex-

81 1084 227 1137 ander,
248 1084 376 1125 horno
398 1085 565 1140 ignotus
588 1087 627 1126 δι
652 1084 820 1126 incertae
848 1084 998 1140 stirpis,
1020 1084 1154 1126 occiso
1178 1085 1296 1140 (ficut
1319 1083 1413 1126 ante

83 1143 246 1185 dietum
260 1144 336 1200 est)
359 1144 574 1185 Demetrio
601 1158 714 1200 rege,
750 1144 791 1184 in
815 1143 929 1200 Syria
951 1144 1160 1199 regnabat.
1192 1143 1304 1184 hunc
1327 1143 1415 1184 De-

80 1203 268 1252 metrius,
293 1203 496 1243 Demetrii
518 1203 642 1254 filius,
667 1203 739 1257 qui
771 1219 791 1244 a
821 1214 934 1258 patre
964 1204 1176 1258 quondam
1207 1203 1260 1243 ob
1283 1203 1415 1244 incer-

82 1273 146 1302 tos
168 1261 263 1303 belli
286 1262 398 1304 casus
422 1262 632 1318 ablegatus
657 1262 828 1303 Gnidon
852 1262 999 1311 fuerat,
1023 1263 1259 1318 contempta
1281 1262 1417 1303 socor-

80 1317 148 1361 dia
171 1320 400 1375 inertiaque
437 1321 540 1377 ejus„
576 1322 794 1377 adjuvante
828 1321 1054 1362 Ptolemaeo
1090 1321 1264 1378 AEgypti
1302 1335 1415 1376 rege,

82 1380 201 1436 cujus
226 1380 352 1421 filiam
376 1379 636 1435 Cleopatram
660 1380 700 1420 in
722 1380 1030 1422 matrimonium
1047 1392 1273 1436 acceperat,
1306 1379 1415 1420 bello

82 1439 305 1482 interemit.
382 1439 649 1490 Ptolen1aeus‚
705 1440 746 1480 in
789 1450 911 1493 caput
944 1439 1123 1494 graviter
1160 1439 1415 1489 vulneratus,

81 1501 189 1539 inter
210 1498 482 1547 curationem,
511 1499 610 1539 dum
633 1498 713 1539 offa
735 1498 886 1539 medici
908 1497 1111 1539 terebrare
1141 1499 1416 1549 contendunt,

81 1557 298 1612 exspiravit
320 1573 330 1597 :
362 1566 484 1611 atque
517 1557 559 1596 in
580 1558 718 1598 locum
741 1557 828 1613 ejus
851 1556 977 1598 frater
998 1556 1132 1599 minor
1154 1557 1418 1608 Ptolemaeus,

81 1616 155 1671 qui
178 1617 352 1674 Cyrenis
366 1615 577 1672 regnabat,
609 1616 802 1658 successit.
863 1615 1105 1658 Demetrius
1124 1615 1178 1658 ob
1200 1616 1419 1658 crudelita-

81 1686 184 1725 tem,
207 1690 330 1729 quam
369 1690 441 1730 per
482 1684 687 1716 tormenta
717 1675 760 1716 in
793 1675 885 1717 suos
908 1675 1143 1726 exercebat,
1175 1691 1199 1717 a
1231 1676 1418 1717 Diodoto

82 1735 280 1789 quodam,
304 1749 386 1775 uno
407 1749 455 1776 ex
479 1734 686 1791 subjeetis,
719 1734 791 1790 qui
812 1736 1037 1777 Alexandri
1058 1735 1160 1785 filio,
1175 1735 1333 1776 bimulo
1348 1735 1420 1776 ad-

82 1795 272 1846 modum,
291 1807 464 1849 regnum
481 1794 691 1844 allerebat,
709 1793 816 1835 bello
832 1794 1059 1850 superatus,
1073 1795 1304 1837 Seleuciam
1321 1808 1422 1836 con·

82 1851 203 1908 fugit.
238 1853 287 1893 L.
309 1853 544 1894 Mummius
561 1855 610 1894 de
634 1854 801 1895 Achzfis
824 1855 1107 1909 triumphavit.
1171 1855 1280 1909 signa
1301 1868 1421 1906 aerea,

82 1925 415 1968 marmoreaque,
452 1915 489 1953 δε
516 1912 674 1956 tabulas
695 1912 828 1968 pietas
847 1914 889 1955 in
913 1913 1125 1971 triumpho
1143 1914 1253 1957 tulit.

544 2082 774 2124 LIBRI
841 2084 962 2126 LIII.

88 2169 224 2248 ΑΡ.
248 2197 446 2241 Claudius
464 2199 606 2242 consul
627 2199 815 2250 Salaffos,
833 2209 998 2256 gentem
1013 2202 1224 2258 Alpinam,
1246 2203 1423 2247 domuit.

88 2259 211 2303 Alter
248 2257 619 2315 Pseudophilippus
662 2259 703 2300 in
747 2261 998 2302 Macedonia
1041 2278 1065 2304 a
1110 2261 1160 2305 L.
1199 2264 1424 2306 Tremellio

86 2317 290 2374 quaestore
342 2332 438 2359 cum
470 2318 653 2360 exercitu
685 2319 813 2361 casus
841 2319 916 2360 est.
999 2321 1284 2381 QCaecilius
1325 2323 1426 2364 Me—

89 2378 208 2419 tellus
248 2377 467 2431 proconsul
517 2378 746 2420 Celtiberos
795 2377 955 2421 cecidit.
992 2396 1014 2422 a
1063 2382 1108 2437 Q
1165 2382 1294 2424 Fabio
1330 2395 1427 2435 pro-

88 2435 254 2477 consule
302 2451 392 2491 pars
424 2452 574 2494 magna
615 2438 849 2491 Lusitaniae,
888 2441 1136 2497 expugnatis
1167 2442 1324 2496 aliquot
1356 2453 1428 2481 ur-

90 2495 228 2545 bibus,
270 2493 437 2548 recepta
482 2496 554 2540 est.
595 2495 645 2540 C.
690 2497 827 2553 Julius
858 2497 1020 2542 senator
1055 2497 1205 2542 Graece
1236 2513 1304 2541 res
1334 2497 1426 2541 Ro-

90 2567 231 2598 manas
262 2552 415 2603 scribit,
640 2560 642 2562 ’

1211 2704 1427 2750 LIBRI
