1871 3121
321 248 551 293 LIBER
603 246 716 288 XLI.
771 246 930 288 CAP.
984 244 1099 286 XXI.
1151 247 1383 300 (XXIV.)

1692 267 1739 308 31

190 367 319 408 dum
312 383 342 406 is
364 367 417 407 ibi
434 367 586 407 bellum
604 374 776 420 gereret,
796 362 990 404 Cornelio
1005 371 1269 417 prorogatum
1291 362 1525 417 imperium,
1546 371 1719 403 immunia„

192 427 250 466 uti
273 427 474 466 obtineret
506 425 750 481 Sardiniam.
786 424 865 464 Cn.
899 421 1071 461 Servilio
1095 421 1316 475 Caepioni
1308 436 1350 460 111
1376 421 1525 475 Hispa-

191 486 299 524 niun
333 485 582 532 ulteriorem,
623 476 665 522 δι”
693 482 740 522 Ρ.
774 481 898 521 Furio
936 480 1055 519 Philo
1095 480 1136 519 in
1178 479 1409 520 citeriorem
1450 480 1526 520 tria

190 544 316 582 millia
354 544 537 596 peditum
575 542 877 584 Rornanorum,
915 539 1072 592 equites
1113 549 1280 579 centum
1323 538 1527 593 quinqua-

191 602 317 655 ginta,
345 605 378 642 ὃς
409 599 563 642 socium
588 600 723 640 Latini
750 598 928 639 nominis
961 597 1143 650 quinque
1172 598 1297 638 millia
1326 597 1528 653 peditum,

190 661 361 700 trecenti
384 661 567 714 equites:
600 658 737 699 Sicilia
774 660 836 712 (2)
859 658 907 696 L.
931 656 1106 696 Claudio
1140 657 1219 696 fine
1244 656 1529 712 supplemento

191 721 366 759 decreta.
461 719 578 758 Duas
632 728 827 772 praeterea
878 715 1059 769 legiones
1122 716 1309 756 consules
1356 715 1528 756 scribere

186 777 294 833 jussi,
318 782 379 832 (3)
410 793 503 817 cum
522 777 631 833 justo
653 789 826 815 numero
848 775 1034 828 peditum
1066 775 1353 828 equitumque,
1388 777 1428 815 δε
1461 775 1532 814 de-

192 850 280 877 cern
313 838 438 876 millia
463 837 646 890 peditum
671 833 817 875 sociis
809 847 1023 887 Νηρεῖ-ιτς,
1063 836 1102 873 &
1128 833 1336 874 sexcentos
1358 833 1528 886 equites.

191 896 394 936 Delectus
417 895 649 935 consulibus
690 908 738 933 eo
776 892 980 933 difficilior
1011 904 1111 940 erat,
1140 891 1253 946 quod
1289 889 1726 947 pestilentia‚Pst1'l“1t-·'³

192 969 284 1007 quse
321 955 453 1009 priore
476 967 583 993 anno
621 953 661 991 in
696 952 820 992 boves
851 951 1074 1005 ingruerat,
1108 965 1156 990 eo
1190 955 1252 1006 (4)
1294 962 1467 992 verteiet
1491 953 1532 991 in

192 1013 409 1053 hominum
429 1012 571 1052 morb
565 1027 607 1052 5.
631 1011 700 1065 qui
720 1016 734 1062 Η
761 1010 1003 1058 inciderant,
1019 1008 1300 1061 haudlf‘icile
1314 1011 1533 1065 septimum

194 1072 303 1112 diem
328 1072 585 1126 ίιιρετὼῑιῐιῐε
623 1070 694 1123 qui
716 1069 1017 1124 superaverant,
1035 1079 1058 1117 †
1081 1070 1322 1124 longinquo,
1357 1070 1533 1110 maxime

196 1140 417 1184 quartanae¹
457 1130 772 1184 implicabantur
805 1127 962 1167 morbo.
1024 1127 1197 1168 Servitia
1235 1128 1410 1168 maxime
1447 1144 1535 1169 mo-

196 1189 420 1230 riebantur.
441 1202 585 1229 eorum
605 1188 754 1242 strages
770 1202 841 1241 per
863 1200 1005 1226 omnes
1022 1187 1105 1227 vias
1125 1187 1418 1241 insepultorum
1434 1199 1534 1230 erat.

197 1248 263 1288 Ne
298 1247 522 1288 liberorum
558 1247 725 1300 quidem
763 1245 978 1285 funeribus
1014 1249 1043 1293 ἿῙ
1080 1246 1261 1286 Libitina
1298 1246 1537 1288 sufficiebat.

199 1306 426 1356 cadavera,
464 1309 524 1360 (5)
546 1304 700 1344 intacta
722 1319 743 1343 a
766 1304 934 1344 canibus
970 1319 1015 1344 ac
1049 1305 1293 1353 vulturibus,
1323 1305 1434 1345 tabes
1468 1305 1537 1345 ab·

199 1365 409 1405 sumebat:
449 1364 620 1417 satisque
654 1363 877 1410 constabat,
901 1377 975 1402 nec
1011 1363 1099 1413 illo,
1132 1376 1206 1402 nec
1239 1364 1372 1417 priore
1410 1379 1537 1415 anno,

201 1425 243 1464 in
268 1426 376 1464 tanta
402 1423 530 1477 strage
551 1422 677 1461 boum
709 1421 1025 1473 hominumque,
1063 1425 1088 1472 Δ(
1117 1422 1344 1462 vulturium
1366 1422 1537 1476 usquam

200 1482 344 1522 visum.
405 1481 648 1522 Sacerdotes
689 1478 843 1533 publici
886 1480 931 1518 ea
965 1477 1193 1533 pestilenti-21
1235 1482 1386 1521 mortui
1429 1482 1537 1531 sunt,

203 1541 282 1581 Cn.
329 1540 525 1580 Servilius
557 1538 700 1591 Caepio
744 1536 946 1593 pontifex,
996 1548 1110 1592 pater
1155 1540 1354 1593 praetoris,
1397 1543 1434 1580 δε
1468 1541 1537 1582 Ti.

202 1600 469 1653 Sempronius
501 1598 569 1638 Ti.
603 1602 627 1646 4
662 1598 707 1638 F.
736 1604 905 1651 Longus
928 1597 1135 1637 decemvir
1158 1598 1378 1649 sacrorum,
1417 1602 1456 1640 &
1494 1599 1543 1641 P.

204 1658 340 1699 AElius
371 1658 507 1698 Paetus
540 1671 686 1712 augur,
721 1658 761 1696 δε
785 1656 851 1695 Ti.
874 1655 1144 1710 Sempronius
1180 1658 1413 1707 Gracchus,
1439 1659 1541 1700 &Q

204 1717 421 1758 Mamilius
462 1716 633 1757 Vitulus
674 1715 789 1755 curio
826 1714 1048 1765 maximus,
1092 1719 1130 1757 &
1171 1716 1236 1757 Μ.
1271 1717 1542 1772 Sempronius

204 1776 441 1817 Tuditanus
463 1775 663 1829 pontifex.
697 1772 912 1828 pontifices
935 1773 1096 1814 suffecti
1119 1774 1227 1826 sunt,
1262 1777 1299 1818 C
1336 1776 1543 1830 Sulpicius

207 1835 343 1876 Galba
367 1838 427 1890 (6)
451 1835 529 1857 Η*
553 1834 750 1873 inlocum
787 1846 791 1870 ι
813 1833 982 1873 uditani.
1052 1838 1239 1888 Augures
1259 1835 1418 1875 suffecti
1436 1836 1543 1885 sunt,

207 1895 249 1935 in
282 1894 464 1934 Gracchi
507 1894 644 1933 locum
688 1892 740 1931 T.
779 1892 979 1931 Veturius
1017 1892 1233 1933 Gracchus
1281 1895 1545 1948 Sempronia-

208 1968 285 1996 nus
308 1957 384 2008 (.7)›
422 1954 462 1992 in
485 1952 530 1992 P.
558 1951 656 1991 AElii
677 1951 732 2006 Q.
757 1950 893 1990 AElius
909 1950 1059 1991 Paetus.
1094 1951 1317 1993 Decemvir
1337 1953 1545 1993 sacrorum

208 2014 259 2053 C.
291 2012 561 2065 Sempronius
603 2011 790 2064 Longus,
832 2009 946 2050 curio
984 2010 1188 2050 maximus
1227 2027 1272 2052 i.
1304 2012 1545 2053 Scribonius

210 2071 337 2112 Curio
375 2070 584 2111 sufficitur.
681 2068 826 2124 Quum
860 2068 1100 2123 pestilentiae
1148 2069 1240 2111 finis
1290 2086 1372 2112 non
1412 2070 1547 2122 fieret,

1386 2129 1547 2171 senatus

211 2248 376 2289 Corsicam
393 2248 566 2280 abducere.
626 2248 713 2278 Nam
743 2245 866 2287 alioqui
894 2246 1011 2277 harum
1030 2246 1277 2289 provinciarum
1309 2247 1548 2278 administratio

209 2295 278 2338 jam
302 2294 380 2325 olim
397 2294 574 2335 conjumsta
602 2292 719 2325 fuerat.
770 2294 825 2331 (2)
853 2292 1031 2323 Suetonius
1059 2301 1168 2324 tamen
1186 2292 1218 2323 in
1236 2292 1349 2323 ¹siber.
1371 2305 1399 2324 c.
1427 2306 1450 2323 ι.
1473 2296 1548 2324 Gens

215 2342 336 2371 Claudia
355 2363 362 2370 .
378 2364 384 2370 .
400 2363 407 2370 .
428 2342 513 2373 Lucii
537 2348 696 2382 p1a7101sren
726 2338 852 2381 rorrfensu
877 2342 1052 2380 repudiavit,
1072 2341 1217 2382 pcstquam
1246 2352 1259 2369 e
1281 2339 1381 2376 duobus
1395 2341 1548 2380 gentilibus

208 2388 338 2429 praediris
359 2384 742 2424 ro'altm-1atr'0c1nii,cadis
759 2387 835 2415 alter
858 2387 999 2414 convic‘hs
1016 2385 1058 2427 est.
1087 2384 1148 2415 Sed
1173 2384 1259 2415 sorte
1282 2383 1472 2422 dicendum,
1498 2396 1550 2416 rea

214 2431 439 2473 budiationern
471 2431 685 2472 praenominis
712 2432 799 2461 Lucii
823 2441 839 2459 a
859 2430 1016 2460 Surtonio
1035 2430 1169 2461 relatam
1187 2429 1236 2459 his
1254 2429 1459 2470 temporibus
1476 2431 1549 2472 pos·

214 2476 370 2508 teriorem
398 2476 467 2508 effe.
516 2479 572 2516 (3)
588 2476 716 2507 Vocula
731 2489 790 2506 cnm
823 2474 1011 2515 inducenda
1039 2475 1183 2506 videtur.
1208 2474 1294 2505 Infra
1321 2474 1339 2505 l.
1364 2485 1419 2513 42.
1437 2487 1466 2507 c.
1496 2486 1549 2516 35.

214 2531 243 2553 ut
257 2530 376 2564 quatuor
392 2525 507 2564 legiones
516 2523 655 2563 sbriberet
680 2523 767 2551 urban
775 2534 821 2558 as,
844 2522 911 2561 jtsto
926 2533 1038 2550 numero
1058 2523 1184 2562 ptditum
1201 2523 1386 2563 equitumque.
1427 2523 1482 2560 (4)
1500 2525 1550 2554 Sc.

214 2570 360 2606 amm-(5)
378 2568 487 2599 Simile
505 2575 616 2597 narrat
634 2566 846 2609 Thucydides
863 2566 883 2596 l.
907 2575 935 2596 2.
953 2577 980 2596 c.
993 2575 1048 2604 50.
1068 2568 1104 2596 E.
1146 2565 1202 2605 (6)
1217 2566 1374 2598 Excidisse
1394 2566 1551 2600 videntur

213 2624 311 2645 voce<
340 2618 367 2642 in
399 2624 472 2644 ocum
500 2615 651 2654 Caepionis,
683 2622 742 2643 nec
775 2622 840 2642 non
867 2622 986 2641 nomen
1023 2611 1190 2653 pontificis
1217 2611 1345 2643 suffecti
1373 2612 1407 2643 in
1441 2613 1550 2645 locum

215 2658 386 2690 Tuditani.
456 2669 471 2697 7
504 2658 734 2699 Intelligendus
750 2657 792 2687 cst
808 2656 1002 2698 Sempronio
1019 2665 1112 2698 patre
1129 2666 1235 2694 natuS,
1254 2658 1310 2699 qui
1328 2658 1361 2689 in
1379 2659 1551 2690 Veturiam

217 2714 346 2748 gentem
376 2706 438 2737 ad(
434 2704 556 2747 ptione
579 2712 666 2734 tran
670 2702 758 2734 iifl'et.
808 2702 880 2733 Vid
904 2704 923 2742 ἵ
954 2705 1163 2735 Marcellinus.
1231 2705 1357 2736 Notum
1384 2703 1437 2741 est,
1464 2715 1552 2744 eum,

218 2750 274 2795 qui
299 2751 393 2782 alteri
420 2752 452 2782 in
485 2749 698 2791 adoptionem
731 2749 885 2785 dabatur,
914 2749 1100 2781 nominibus
1126 2761 1198 2791 quae
1230 2758 1325 2781 antea
1351 2750 1552 2787 obtinuerat,

221 2796 350 2852 9miffis,
367 2797 468 2863 patris
491 2794 679 2838 adoptantis
704 2794 838 2827 nomina
862 2793 1026 2836 recepisse,
1049 2794 1153 2838 iisque
1178 2806 1300 2828 nomen
1324 2795 1442 2839 gentis,
1465 2797 1554 2827 unde

1458 2848 1554 2875 natus
