1804 3121
174 247 251 280 122

901 230 955 273 T.
1015 229 1214 273 LIVII

396 353 439 393 ἅτ
457 363 650 392 coronam
682 361 846 390 auream
868 347 1163 403 quinquaginta
1183 346 1335 402 pondo,
1367 359 1490 402 quam
1520 345 1563 386 in
1584 343 1707 400 Capi-

393 410 495 451 tolio
516 417 727 465 ponerent,
756 408 912 448 donum
933 407 1024 459 Jovi
1057 405 1215 460 optimo
1232 405 1428 455 maximo,
1454 404 1642 456 attulisse,
1662 405 1706 446 &

393 467 504 509 scuta
529 467 729 526 equestria
765 475 944 506 trecenta
968 480 981 513 ;
1032 478 1094 513 ea,
1129 464 1197 504 cui
1221 463 1429 519 juffiffent,
1472 462 1705 504 tradituros,

393 527 565 568 Donum
589 536 632 566 ut
654 526 696 565 in
718 523 922 578 Capitolio
953 535 1119 577 ponere,
1151 525 1192 563 δι
1215 521 1436 564 sacrificare
1457 521 1612 571 liceret,
1637 533 1709 574 pe-

394 590 549 626 tebant,
612 584 705 624 Hoc
727 586 790 637 (3)
808 580 1090 635 Lampsaceni,
1122 579 1331 636 octoginta
1358 581 1495 635 pondo
1512 591 1709 620 coronam

391 643 621 693 afferentes,
657 641 861 697 petebant,
896 649 1281 688 commemorantes,
1310 638 1592 696 Discqffiffisba
1611 635 1708 677 Per-

378 703 454 757 seo,
477 703 668 759 pqstqumn
705 700 900 740 Romanus
938 699 1120 738 exercitus
1166 698 1206 736 in
1239 695 1504 738 Macedoniam
1544 696 1707 752 venff’t,

391 776 505 815 quum
505 761 580 815 sub
593 759 726 799 ditione
746 757 887 812 Petjfi’i,
910 757 963 798 ἅθ’
980 755 1070 799 ante
1089 755 1260 809 Philippi
1264 755 1435 811 fiaeiffimt.
1481 755 1562 795 Pro
1581 769 1632 804 eo,
1657 753 1709 796 ΕΒ·

390 818 492 873 quad
508 817 787 871 imperatoribus
807 815 992 855 Romanis
1009 816 1130 855 omnia
1143 813 1402 870 przfstitzffent,
1435 813 1477 853 id
1490 812 1535 867 st’
1560 810 1708 852 tantimz

392 893 512 925 orare,
545 885 586 916 ut
624 878 664 915 in
685 868 889 915 amicitiam
911 874 1042 928 populi
1072 873 1237 913 Romani
1269 873 1551 925 reciperentur.-
1587 870 1654 922 ξδ’,
1667 868 1711 925 st

384 946 464 989 pax
484 950 567 974 cum
588 931 860 989 Pmseofieret,
886 936 901 982 Η
926 933 1195 987 exciperentur,
1227 945 1272 970 ne
1290 931 1329 970 in
1351 931 1491 984 regiam
1500 928 1708 985 potfstatem

392 995 643 1047 reciperentur
693 992 766 1045 (4).
827 989 983 1031 Ceteris
1033 989 1174 1045 legatis
1223 987 1395 1029 comiter
1443 985 1707 1041 responsum;

393 1050 692 1105 Lampsacenos
714 1049 755 1088 in
776 1047 978 1089 sociorum
999 1051 1024 1100 Α(
1044 1047 1264 1088 formulam
1280 1046 1431 1087 referre
1454 1047 1509 1101 Q.
1527 1044 1708 1086 Maenius

391 1119 541 1163 praetor
576 1108 717 1163 jussus.
748 1120 918 1147 munera
946 1107 1135 1147 omnibus
1167 1105 1209 1145 in
1241 1105 1416 1160 smgulos
1436 1102 1581 1144 binum
1613 1102 1708 1143 mil-

390 1167 493 1207 lium
539 1167 629 1207 :eris
669 1166 775 1206 data.
841 1163 1142 1205 Alabandenses
1177 1163 1288 1204 scuta
1318 1170 1526 1217 reportare
1563 1161 1613 1201 ad
1650 1160 1704 1202 A.

390 1224 615 1266 Hostilium
645 1223 853 1265 consulem
875 1223 917 1263 in
952 1221 1243 1264 Macedoniam
1259 1220 1368 1277 juffi.
1421 1219 1474 1260 Et
1494 1232 1544 1259 ex
1563 1218 1707 1261 Africa

391 1283 513 1338 legati
535 1283 650 1323 fimul
685 1284 748 1336 (5)
777 1280 1194 1335 Karthaginiensium,
1224 1278 1348 1320 tritici
1378 1277 1513 1319 decies
1543 1291 1709 1319 centum

392 1342 519 1381 millia
539 1343 602 1396 (6)
625 1345 667 1383 δε
687 1340 830 1381 hordei
852 1340 1078 1395 quingenta
1110 1337 1335 1379 indicantes
1357 1335 1395 1378 se
1415 1337 1466 1378 ad
1496 1349 1608 1377 mare
1638 1337 1708 1378 de-

391 1399 510 1441 veEia
526 1398 691 1450 habere,
722 1407 785 1449 ut,
807 1396 890 1451 quo
908 1397 1067 1438 senatus
1083 1396 1310 1448 censuiffet,
1326 1396 1598 1451 deportarent.
1662 1394 1713 1435 Id

395 1471 530 1498 munus
559 1456 784 1513 officiumque
808 1457 926 1509 suum
949 1456 1051 1510 scire
1080 1457 1204 1495 minus
1224 1455 1302 1511 effi,
1332 1454 1445 1509 quhm
1461 1463 1535 1507 pro
1566 1454 1711 1495 meritis

389 1515 519 1572 populi
550 1515 715 1556 Romani
740 1514 791 1556 Εἴ
817 1515 1006 1553 voluntate
1017 1513 1098 1567 fiec‘i
1112 1531 1125 1552 .·
1160 1519 1171 1561 (
1181 1515 1221 1568 7)
1228 1512 1304 1567 sed
1307 1514 1405 1567 saepe
1423 1511 1535 1561 αίίὰπ,
1555 1512 1655 1552 bonis
1668 1513 1709 1552 in

394 1576 507 1615 rebus
527 1573 715 1628 utriusque
724 1573 872 1627 populi,
880 1572 926 1626 se
939 1581 1136 1626 gratorum
1137 1570 1382 1626 fideliumque
1383 1570 1528 1625 ficiz‘im
1544 1571 1710 1612 muneri-

395 1633 464 1673 bus
487 1633 646 1688 furtfios
677 1631 750 1687 effe.
813 1631 917 1670 Item
947 1629 1162 1669 Mafiniffae
1196 1628 1334 1683 legati,
1375 1627 1499 1668 tritici
1533 1629 1708 1670 eandem

395 1690 594 1730 summam
616 1688 801 1743 polliciti,
819 1689 859 1729 δι
881 1687 990 1727 mille
1010 1690 1048 1728 &
1072 1688 1270 1728 ducentos
1293 1686 1471 1740 equites,
1489 1685 1709 1728 duodecim

394 1749 630 1804 elephantos
650 1762 659 1788 ε
691 1748 748 1796 &,
768 1746 794 1786 fi
816 1746 914 1800 quid
935 1745 1046 1787 aliud
1067 1759 1170 1800 opus
1191 1745 1303 1795 esset,
1330 1744 1390 1784 uti
1418 1743 1635 1799 imperaret
1650 1743 1712 1786 se-

394 1819 539 1849 natus:
562 1804 677 1860 aeque
699 1807 760 1859 (8)
783 1803 980 1859 propenso
1009 1803 1161 1853 animo,
1183 1817 1228 1844 ac
1250 1817 1342 1857 quae
1363 1801 1446 1856 ipse
1464 1803 1572 1843 ultro
1592 1803 1711 1858 polli-

394 1866 501 1908 citus
522 1865 581 1916 fit,
608 1863 889 1917 praestaturum
909 1863 998 1903 effe.
1062 1861 1219 1904 Gratiae
1243 1864 1285 1903 &
1305 1860 1711 1916 Karthaginiensibus

395 1927 437 1965 ἃ
461 1923 545 1979 regi
562 1923 692 1971 aCtae3
722 1920 950 1978 rogatique,
972 1929 1017 1961 ut
1038 1934 1100 1971 ea,
1120 1934 1214 1974 quoe
1233 1919 1536 1974 pollicerentur,
1558 1920 1608 1960 ad
1621 1919 1712 1960 Ho-

393 1981 545 2022 stilium
566 1980 772 2022 consulem
793 1979 834 2019 in
859 1978 1149 2020 Macedoniam
1168 1980 1442 2032 deportarent.
1489 1977 1654 2035 Legatis
1668 1977 1710 2018 in

396 2041 572 2096 singulos
587 2037 733 2081 binfim
754 2037 930 2078 millium
951 2037 1041 2080 aeris
1061 2050 1229 2079 munera
1250 2035 1375 2077 miffa.
1606 2094 1692 2136 VH

397 2226 542 2268 quinque
558 2237 667 2260 annos.
715 2226 770 2267 (3)
793 2228 881 2269 Lege
900 2228 963 2259 Hoc
979 2235 1005 2259 et
1019 2229 1227 2272 Lampsaceni:
1253 2237 1371 2268 nempe
1394 2233 1430 2258 ut
1447 2226 1571 2258 donum
1593 2225 1631 2258 in
1648 2227 1711 2258 Ca-

396 2272 514 2314 pitolio
526 2282 649 2314 ponere
665 2284 702 2305 ac
719 2272 896 2305 sacrificare
913 2273 1036 2305 liceret.
1080 2273 1135 2314 (4)
1155 2273 1300 2304 Omnino
1313 2272 1382 2314 lege
1402 2274 1576 2303 reciderent:
1603 2278 1640 2303 ut
1656 2272 1710 2303 su-

396 2320 456 2359 pra
479 2317 500 2348 1.
526 2327 577 2357 24.
601 2330 630 2350 c.
648 2328 700 2358 32.
726 2321 757 2349 in
774 2320 916 2360 antiquam
927 2321 1101 2360 servitutem
1125 2320 1288 2350 reciderunt.
1332 2318 1389 2359 (5)
1411 2316 1474 2349 Vel
1490 2315 1652 2359 superflua
1667 2317 1713 2349 est

395 2373 461 2394 vox
464 2365 565 2406 ſsml,
578 2364 634 2395 vel
649 2364 756 2406 potius
779 2363 911 2401 indicat,
925 2363 1074 2406 pluscula
1096 2362 1253 2394 excidiffe.
1298 2361 1439 2393 Fortaffe
1453 2361 1631 2404 legendum
1645 2362 1706 2394 est:

396 2409 484 2451 legati
488 2409 579 2451 stmul
593 2409 870 2452 Karthaginiensium
886 2411 925 2441 {9³
937 2408 1101 2453 Mqstnf'ffae
1117 2415 1253 2439 venerunt
1263 2422 1272 2437 :
1299 2408 1592 2451 Karthaginietfium,
1613 2408 1714 2439 tritici

400 2454 460 2484 ἃς.
505 2454 561 2495 (6)
584 2454 706 2496 Supple
722 2453 850 2485 modinim.
897 2453 972 2485 Vid.
989 2454 1008 2493 ,1.
1013 2456 1206 2494 frumentum.
1250 2451 1353 2483 Simili
1370 2451 1470 2494 ellipfi
1487 2451 1594 2484 Graeci
1611 2452 1710 2485 omit-

397 2505 473 2529 tunt
485 2509 599 2531 vocem
609 2498 768 2540 ffieffim&.
815 2499 891 2530 Vid.
909 2500 983 2530 Bos.
998 2499 1039 2530 de
1055 2499 1116 2529 ΕΗ.
1132 2498 1208 2540 ling.
1230 2500 1332 2530 Graec.
1378 2498 1435 2539 (7)
1449 2495 1710 2539 Karthaginien·

398 2544 444 2575 ses
460 2545 677 2576 mediocritati
692 2554 866 2577 munerum
876 2544 1007 2576 suorum
1023 2544 1097 2575 ideo
1108 2554 1194 2575 nunc
1212 2543 1441 2586 ignoscendum
1465 2542 1603 2580 censent,
1617 2543 1710 2583 quod

397 2588 478 2628 saepe
501 2589 587 2627 aliam,
607 2600 708 2631 quum
725 2591 818 2622 bonae
835 2589 933 2621 effent
957 2600 1008 2621 res
1030 2589 1201 2630 utriusque
1224 2588 1352 2630 populi,
1378 2587 1524 2621 fidelium
1546 2586 1708 2620 sociorum

399 2632 542 2666 officium
567 2634 703 2667 alacrius
725 2635 954 2677 impleverint3
988 2645 1075 2668 nunc
1098 2634 1141 2666 ob
1172 2634 1348 2666 haerentem
1371 2632 1466 2665 lateri
1494 2631 1708 2673 Mafiniffam,

399 2676 481 2710 nihil
498 2680 636 2721 amplius
648 2681 711 2712 sese
724 2680 811 2722 poss'e
826 2680 982 2724 praestare.
1028 2679 1081 2724 (8)
1111 2681 1254 2724 Propenso
1273 2680 1476 2724 animosae-ere
1495 2677 1639 2712 occurrit
1654 2677 1706 2712 su·

399 2726 461 2765 pra
476 2724 497 2756 l.
514 2733 567 2766 37.
585 2736 615 2759 c.
631 2735 684 2766 54·
702 2726 735 2759 δε
750 2725 841 2759 alibi.
1224 2730 1226 2733 ’
