1794 3121
682 197 1130 243 INDEX.
1555 210 1633 250 621

210 322 398 376 sortitur,
419 333 490 371 4ο.
511 335 582 375 41.
605 320 644 364 ei
648 336 866 388 proroga-

212 392 279 422 tur
300 382 533 435 imperium,
566 390 612 422 ut
647 380 688 421 in
728 382 867 424 Sardi-

214 441 524 494 11iamtrajici2‚1t
542 439 659 481 xxxi.
683 443 722 483 8.

154 497 229 542 M.
250 499 439 538 Valerius
470 499 677 550 Laevinus‚
710 508 872 553 praetor,

216 556 382 597 sortitur
398 557 721 612 jurisdiftionem
757 571 872 612 pere-

215 615 390 670 grinam,
430 615 496 655 sed
536 616 671 671 postea
719 616 871 656 bellum

216 673 495 714 administrare
512 674 638 729 juffus
660 673 733 725 est,
756 674 871 714 xxiii.

219 741 382 786 2430.
407 746 477 786 32.
500 744 524 786 3
557 763 567 773 .
589 736 660 787 38.
681 745 870 787 proprae-

217 798 306 830 tore
356 791 519 844 praeeffe
570 790 738 846 jubetur
787 804 869 832 orae

218 848 434 888 maritimae
475 849 525 889 ad
580 848 869 900 Brundufium,

217 907 338 947 xxiv.
367 920 432 948 ιθ.
450 907 572 947 mittit
599 908 663 948 M.
693 907 870 957 Livium,

217 980 288 1020 qui
327 965 560 1006 Tarentum
593 974 768 1015 tueatur,
801 978 871 1007 20.

218 1024 271 1065 ad
293 1037 389 1064 eum
411 1023 534 1079 legati
549 1022 598 1064 ab
631 1023 773 1073 Orico,
797 1039 869 1078 40.

219 1082 311 1137 ejus
325 1096 389 1123 res
404 1082 559 1138 gestae'
550 1096 591 1121 m
615 1082 777 1124 Graecia
800 1083 871 1122 ad

215 1140 354 1182 ⁴versus
383 1140 637 1194 Philippum,
671 1141 759 1181 ibid.
777 1155 872 1196 pro-

218 1207 361 1253 rogato
383 1198 554 1253 imperio
584 1200 802 1240 mandatur
834 1197 871 1240 ei

219 1257 383 1298 Graecia
419 1258 461 1297 &
497 1257 757 1306 Macedonia,
798 1271 871 1312 44

218 1314 386 1366 iterum,
421 1327 531 1357 xxv.
558 1330 599 1371 3.
637 1330 699 1357 res
732 1316 872 1372 gestae,

221 1373 343 1415 xxvi.
379 1387 432 1425 24
454 1377 524 1417 26.
566 1374 706 1416 consul
733 1374 874 1416 absens

150 1441 157 1453 '
219 1442 394 1482 creatur,
418 1445 488 1475 22.
531 1433 642 1474 venit
677 1433 873 1482 Romam,

220 1503 294 1546 27.
327 1491 484 1532 ltaliam
513 1491 690 1540 sortitus,
711 1491 875 1547 provin-

220 1550 326 1591 ciam
347 1559 550 1605 permutat
569 1564 665 1591 eum
712 1550 873 1590 'narcei-

217 1609 260 1649 lo
288 1610 457 1665 collega,
494 1621 560 1664 29.
583 1608 722 1649 suadet
744 1607 875 1649 Patri-

170 1703 175 1707 .
220 1665 316 1718 bus,
335 1678 379 1708 ut
399 1681 520 1708 omne
549 1681 708 1716 aurum,
731 1679 874 1722 argen-

223 1735 330 1776 tum,
366 1739 420 1766 πε
458 1725 657 1781 lignatum
692 1725 734 1765 in
770 1724 872 1778 pub-

220 1784 348 1826 licum
385 1783 614 1833 conferant,
638 1785 708 1836 36.
739 1783 878 1824 Sicilia

223 1842 338 1884 omni
377 1844 532 1884 Poenos
570 1841 756 1895 expellit,
804 1856 876 1893 40.

225 1901 405 1942 Romam
433 1900 550 1949 redit,
575 1902 613 1941 δε
637 1899 754 1940 resin
776 1900 878 1942 Sici-

225 1960 280 2000 lia
307 1959 437 2015 gestas
472 1968 624 2008 narrat,
665 1958 798 1999 xxvii.
835 1972 875 2012 5.

224 2019 313 2074 ejus
340 2017 596 2057 ‘concertatio
628 2030 723 2057 cum
746 2017 877 2059 Patri-

226 2076 303 2118 bus
336 2077 387 2115 de
432 2074 632 2115 dictatore
685 2075 873 2123 dicendo,

225 2134 320 2176 ibid.
342 2133 380 2174 ei
410 2142 673 2188 prorogatum
712 2132 874 2189 imperi-

228 2207 319 2243 um,
344 2203 414 2235 22.
435 2190 666 2245 proconsul,
689 2205 745 2232 ex
778 2191 879 2234 Sici-

225 2251 280 2292 lia
307 2251 350 2290 in
379 2250 563 2291 Africam
596 2249 878 2304 proficiscitur,

230 2309 379 2351 xxviii.
401 2323 444 2360 4.
475 2309 630 2364 legatus
670 2310 721 2349 ad
757 2310 881 2349 Atta-

228 2370 316 2410 lum
333 2367 520 2416 mittitur,
543 2367 669 2408 xxix.
708 2380 775 2409 11.
818 2381 882 2408 re-

229 2427 312 2468 fert
348 2427 398 2466 de
430 2426 644 2467 reddendis
679 2426 881 2480 pecuniis,

231 2499 323 2539 quae
345 2499 366 2524 a
382 2483 547 2538 privatis
563 2486 719 2526 coliatae
750 2494 879 2534 erant,

234 2540 305 2585 16.
346 2551 583 2597 propraetor,
635 2557 731 2585 cum
765 2543 880 2583 claffe

190 2605 193 2607 ’
229 2601 405 2643 mittitur
428 2601 614 2643 adversus
646 2600 880 2656 Philippum

981 324 1023 364 in
1058 324 1363 375 Macedoniam,
1408 329 1540 369 xxxi.
1593 344 1615 384 3

981 383 1123 424 mortis
1144 385 1231 440 ejus
1266 386 1399 426 cauffa
1433 401 1455 427 a
1490 387 1634 429 Publio

982 442 1026 482 δι
1052 445 1191 484 Marco
1210 441 1300 484 filiis
1325 444 1412 486 ludi
1444 445 1636 488 funebres

985 497 1101 549 faeti,
1122 514 1190 552 50.

930 559 993 599 M.
1028 559 1214 601 Valerius
1244 559 1432 602 Laevinus
1471 570 1634 602 creatur

987 626 1153 671 praetor,
1186 618 1342 658 xxxix.
1368 622 1436 669 56.
1473 619 1635 660 sortitur

984 673 1308 731 jurisdi&ionem
1362 676 1636 732 peregrinam,

987 736 1046 775 xl.
1075 734 1208 775 1.·vz'd.
1240 735 1398 778 &xlih
1423 739 1488 786 58.

928 793 993 834 M.
1009 792 1199 834 Valerius
1248 793 1477 843 Maximus,
1509 793 1635 834 tribu-

981 865 1059 892 nus
1094 850 1270 891 militum
1289 851 1484 893 consulari
1506 851 1638 906 potes-

987 919 1087 960 tate,
1105 923 1144 950 v.
1172 922 1238 964 14.
1255 910 1416 960 iterum,
1435 923 1504 962 24.

933 970 1002 1012 M.
1017 967 1204 1008 Valerius
1234 969 1462 1019 Maximus,
1481 967 1636 1016 consul,

991 1027 1057 1068 ix.
1095 1029 1163 1067 28.
1217 1027 1375 1081 legatus
1425 1026 1636 1068 dietatoris

989 1084 1140 1139 Papirii
1168 1084 1367 1134 Cursoris,
1389 1096 1457 1135 40.
1489 1095 1638 1141 praetor

987 1152 1194 1198 quartum,
1215 1158 1287 1196 4¹·
1308 1143 1462 1194 censor,
1494 1147 1544 1185 ix⁴
1566 1157 1637 1199 43.

987 1202 1037 1243 ab
1052 1215 1100 1242 eo
1124 1204 1161 1242 &
1180 1201 1333 1258 collega
1347 1202 1420 1242 viae
1437 1216 1507 1256 per
1521 1216 1638 1257 agros

988 1260 1150 1316 publica
1172 1259 1351 1316 impensa
1372 1259 1505 1309 fattae,
1525 1261 1617 1302 ibid.

930 1320 994 1361 M.
1013 1319 1202 1360 Valerius
1240 1319 1440 1369 Messalla,
1464 1319 1638 1373 praefec-

989 1387 1054 1418 tus
1070 1377 1208 1424 claffis,
1233 1392 1327 1419 cum
1344 1388 1455 1431 parte
1473 1377 1640 1418 navium

985 1434 1160 1477 mittitur
1179 1434 1222 1475 in
1257 1435 1461 1485 Africam,
1500 1435 1637 1475 xxvii.

991 1507 1031 1549 ς.
1062 1493 1280 1549 populatur
1321 1493 1519 1543 Africam,
1552 1494 1643 1538 ibid.

990 1565 1086 1592 eum
1125 1550 1368 1592 &Statorem
1404 1553 1535 1593 dicere
1571 1566 1644 1592 cu·-

991 1610 1105 1665 piens
1125 1609 1265 1651 consul
1285 1610 1477 1654 Laevinus
1504 1609 1642 1666 prohi-

989 1669 1108 1710 betur
1122 1683 1143 1709 a
1158 1668 1312 1719 senatu,
1333 1668 1422 1712 ibid.-

933 1727 996 1770 M.
1014 1727 1204 1767 Valerius
1260 1727 1438 1768 Messalla
1484 1736 1643 1768 creatur

992 1795 1156 1839 praetor,
1191 1785 1336 1828 xxxiv.
1378 1800 1445 1841 54.
1481 1786 1644 1826 sortitur

988 1842 1313 1900 jurisdffllionem
1370 1845 1642 1900 peregrinam,

997 1914 1066 1955 55.
1088 1911 1248 1942 creatur
1263 1901 1417 1952 consul,
1455 1902 1643 1943 xxxviii.

996 1973 1066 2016 35.
1083 1962 1241 2016 legatus
1262 1962 1300 2000 in
1337 1961 1641 2011 Macedoniam,

994 2019 1066 2059 xli.
1106 2032 1175 2071 27.
1219 2018 1261 2057 in
1296 2020 1431 2060 locum
1484 2021 1644 2062 AEmilii

994 2079 1095 2132 Papi
1110 2075 1320 2125 sufficitur,
1354 2079 1556 2120 decemvir
1587 2079 1646 2121 sa-

991 2149 1153 2178 crorum
1172 2135 1259 2176 xlii.
1280 2138 1348 2177 28.

936 2195 1003 2237 M.
1037 2193 1243 2242 Valerius,
1292 2195 1446 2249 legatus
1488 2195 1645 2237 AEmilii

998 2252 1130 2295 Paulli
1143 2254 1181 2292 in
1195 2251 1300 2292 bello
1318 2253 1503 2295 adversus
1518 2255 1645 2311 Ligu—

995 2325 1074 2360 res,
1094 2311 1156 2349 xl.
1175 2323 1242 2361 27.

939 2369 1207 2411 M.Valerius
1237 2368 1462 2418 Publicola,
1498 2371 1644 2426 magis—

995 2438 1056 2468 ter
1069 2426 1272 2481 equitum,
1293 2427 1362 2467 vii.
1402 2441 1465 2469 12.
1485 2431 1641 2479 consul,

1002 2499 1068 2540 17
1094 2488 1431 2539 18.'1terum‚19.

941 2545 993 2587 P.
1009 2543 1214 2594 Valerius,
1233 2543 1436 2586 VolefiF.
1454 2561 1549 2588 cum
1569 2549 1641 2602 Sp.

998 2601 1193 2645 Lucretio
1221 2603 1332 2643 venit
1372 2606 1421 2645 ad
1462 2607 1642 2648 Lucreti-

998 2674 1079 2712 am,
1114 2660 1142 2701 i
1182 2662 1250 2709 58.
1287 2662 1350 2710 iux·
1354 2673 1391 2703 at
1433 2663 1472 2703 in
1509 2666 1644 2715 verba,

1553 2738 1645 2780 qu}
