1861 3116
108 1339 212 1382 Legati
227 1339 310 1371 Rom.

108 1388 138 1414 in
161 1387 315 1421 Gmciam,

112 1432 151 1462 ’δ’
166 1433 194 1461 ἱιι
211 1432 314 1474 Illyri-

108 1487 178 1506 Cum·

837 218 891 270 T.
941 224 1140 269 LIVII

327 343 395 386 fibi
412 342 517 386 ultra
538 342 761 399 quidquam
791 342 1030 383 mandatum
1052 343 1175 399 esse,J
1165 341 1252 384 'ussi
1273 341 1511 384 renunciare
1532 339 1639 396 regi,

329 404 515 460 Consulem
534 405 586 444 P.
611 405 800 443 Licinium
823 402 926 441 brevi
957 417 1040 441 cum
1061 411 1224 442 exercztu
1230 402 1453 459 futurum
1438 416 1478 441 m
1499 400 1639 442 Mace-

325 462 473 520 dopidss
493 463 567 520 ff.
598 461 649 502 ad
664 477 762 511 eum,
779 459 820 516 st
834 459 1089 516 satisfitcere
1075 476 1114 500 m
1134 462 1256 502 animo
1284 461 1376 517 fft,
1399 461 1559 500 mitteret
1584 459 1649 498 le*

322 530 442 575 gatos.
507 522 665 562 Romam
684 518 782 575 quad
790 527 974 574 preterea
996 520 1173 568 mitteret,
1190 534 1259 559 non
1279 524 1302 571 ss
1318 519 1406 577 effi.
1439 520 1501 572 (3)
1523 517 1639 558 nemi-

326 595 407 619 nem
429 595 550 619 eorum
561 590 630 632 per
653 579 834 618 Italiam
821 593 876 617 tre
895 577 1101 617 liciturum.
1165 576 1227 617 Ita
1249 577 1432 627 dimiffis,
1463 576 1509 617 P.
1529 575 1640 616 Lici-

327 638 395 678 nio
412 637 566 678 consuli
584 639 838 684 mandatum,
861 635 964 675 intra
987 635 1251 676 undecimum
1267 635 1374 676 diem
1393 633 1555 691 juberet
1569 647 1640 674 eos

327 696 442 736 Italia
463 697 673 746 excedere,
709 697 746 736 δε
784 694 854 748 Sp.
897 693 1120 734 Carvilium
1158 694 1352 743 mitteret,
1384 693 1474 747 qui,
1506 693 1639 734 donee

327 769 473 798 navem
514 753 846 803 conscendiffent,
891 751 1124 793 custodiret.
1203 752 1307 793 Haec
1349 752 1499 792 Rornae
1536 752 1640 799 afta,

328 811 747 867 nondum-profeOEtis
787 811 829 851 in
865 810 1116 865 provinciam
1152 810 1396 851 consulibus.
1432 810 1524 862 Jam
1561 809 1643 850 Cn.

329 872 522 923 sicinius,
553 871 639 925 qui,
672 869 907 925 priusquam
930 869 1165 924 magistratu
1202 869 1345 919 abiret,
1378 868 1643 909 Brundisium

328 930 378 971 ad
412 930 568 970 clafl'em
612 932 649 969 ἃ
688 929 738 968 ad
780 926 1005 967 exercitum
1041 927 1261 981 praemiffus
1282 936 1382 977 erat,
1400 925 1579 979 trajectis
1601 926 1642 965 in

327 988 501 1042 Epirum
516 987 696 1041 quinque
715 986 891 1026 millibus
909 986 1107 1039 peditum,
1139 986 1327 1026 trecentis
1343 985 1562 1040 equitibus,
1593 986 1647 1025 ad

328 1045 608 1101 Nymphaeum
648 1045 690 1084 in
731 1059 828 1099 agro
863 1044 1114 1097 Apolloniati
1149 1043 1276 1085 castra
1295 1044 1481 1086 habebat.
1542 1045 1644 1085 Inde

329 1105 513 1145 tribunos
554 1117 649 1144 cum
682 1102 842 1143 duobus
882 1101 1061 1144 millibus
1102 1102 1279 1143 militum
1321 1104 1372 1143 ad
1406 1103 1645 1158 occupanda

328 1162 648 1202 Dassaretiorum
688 1163 726 1202 8<
760 1161 993 1216 Illyriorum
1024 1159 1199 1210 castella,
1239 1161 1330 1216 ipsis
1362 1162 1648 1202 areeffentibus

308 1221 529 1276 lpraesidia,
564 1230 609 1260 ut
640 1220 810 1261 tutiores
830 1219 853 1260 εἰ
876 1218 1146 1261 finitimorum
1181 1219 1339 1275 impetu
1360 1220 1643 1262 Macedonum

329 1279 467 1328 essent,
498 1279 619 1319 misit.

388 1311 611 1378 XXXVII.
647 1335 792 1378 Paucis
814 1334 904 1390 post
925 1334 1142 1380 diebusO.
1166 1337 1368 1386 Marcius,
1402 1337 1455 1378 A.
1477 1335 1646 1387 Atilius,

335 1398 372 1438 δι
391 1396 436 1437 Ρ.
467 1398 504 1436 8(
526 1395 613 1437 Ser.
637 1394 817 1435 Cornelii
838 1394 1019 1444 Lentuli,
1055 1398 1093 1436 8<
1094 1381 1177 1438 L.
1200 1395 1430 1446 Decimius,
1461 1395 1614 1451 legati
1605 1410 1647 1435 m

334 1454 538 1495 Graeciam
560 1453 676 1502 missi,
707 1453 929 1507 Corcyram
950 1453 1146 1516 ‚peditum
1181 1455 1291 1495 mille
1313 1454 1447 1495 secum
1470 1455 1649 1496 advexe-

331 1522 451 1554 runt?
486 1512 541 1552 ibi
578 1513 684 1552 inter
723 1510 761 1551 se
797 1512 838 1552 &
875 1509 1076 1564 regiones,
1108 1527 1209 1566 quas
1230 1512 1406 1565 obirent,
1441 1515 1477 1553 8<
1498 1512 1658 1553 milites

333 1570 566 1612 diviserunt.
626 1569 842 1610 Decimius
865 1568 1001 1610 missus
1017 1570 1074 1610 est
1096 1572 1146 1610 ad
1165 1571 1383 1620 Gentium,
1400 1585 1537 1627 regem
1553 1571 1650 1626 Illy

333 1631 504 1680 riorum,
536 1642 675 1683 quem,
707 1628 733 1668 fi
755 1626 932 1679 aliquem
955 1627 1185 1693 respefi‘cum
1214 1630 1405 1671 amicitiae
1446 1643 1541 1670 eum
1575 1629 1648 1670 ha-

334 1689 429 1729 bere
452 1697 648 1737 cerneret,
679 1695 853 1736 tentare,
884 1695 954 1725 aut
975 1686 1097 1726 etiam
1119 1688 1169 1728 ad
1190 1687 1283 1728 belli
1304 1688 1535 1729 societatem
1565 1689 1651 1743 pel-

335 1748 457 1788 licere
473 1747 616 1803 juffus.
677 1744 843 1785 Lentuli
883 1744 926 1784 in
963 1744 1269 1799 Cephalleniam
1298 1746 1413 1796 miffi,
1445 1747 1551 1788 utin
1573 1747 1651 1787 Pe..

337 1805 604 1860 loponnesum
626 1803 871 1868 trajicerent,
903 1816 1099 1858 oramque
1139 1806 1277 1855 maris,
1309 1806 1351 1846 in
1394 1805 1650 1846 occidentem

336 1865 451 1913 versi,
468 1873 559 1904 ante
574 1859 753 1904 hiemem
768 1860 1044 1902 circumirent.
1104 1863 1320 1906 Marcio&
1340 1863 1469 1905 Atilio
1488 1863 1651 1918 Epirus,

339 1895 508 1971 AEtolia,
543 1924 584 1963 &
619 1920 819 1961 Thessalia
866 1920 1170 1962 circumeundae
1211 1922 1468 1979 assignantur.
1550 1922 1650 1963 Inde

338 1982 541 2021 Boeotiam
559 1989 679 2032 atque
697 1978 896 2020 Euboeam
914 1977 1113 2032 adspicere
1130 1980 1246 2034 juffi,
1279 1992 1366 2022 tum
1389 1981 1430 2021 in
1454 1981 1655 2035 Pelopon-

338 2053 482 2080 nesum
505 2039 702 2093 trajicere.
734 2037 789 2077 ibi
811 2038 1086 2092 congressuros
1109 2039 1146 2078 se
1177 2053 1272 2079 curn
1300 2039 1484 2080 Lentulis
1503 2039 1654 2080 consti-

308 2154 310 2158 .
339 2107 473 2139 tuunt.
534 2096 776 2150 Priusquam
797 2095 1107 2151 digrederentur
1129 2112 1150 2137 a
1166 2096 1360 2155 Corcyra,
1376 2098 1540 2140 literaea
1558 2097 1654 2138 Per-

1589 2156 1655 2197 seo

340 2303 371 2321 m
386 2289 611 2319 Macedoniam·
600 2300 628 2318 tn
642 2288 758 2320 hiberna
773 2291 835 2330 copi
835 2302 866 2320 as
887 2289 1008 2320 reduxit.
1036 2286 1115 2319 Vid.
1133 2287 1179 2328 ς
1167 2300 1196 2318 m
1213 2286 1401 2330 repetitum.
1447 2287 1504 2332 (3)
1520 2291 1658 2323 Certum

340 2334 384 2366 est
398 2336 461 2364 licet
489 2333 571 2374 saepe
598 2331 662 2363 dici
690 2333 842 2375 sequente
865 2332 1047 2366 accusativo
1069 2331 1291 2365 &infinitiva
1316 2335 1364 2365 Ita
1379 2335 1517 2366 Terent.
1534 2335 1656 2367 Heaut

341 2391 373 2417 4.
387 2389 417 2411 2.
433 2388 464 2418 5.
512 2380 546 2409 Si
562 2381 625 2408 uest
652 2392 693 2409 me
719 2382 808 2410 latere
829 2384 898 2410 ιεέῖο
912 2381 1018 2421 absede
1006 2390 1060 2409 re.
1109 2377 1180 2410 Cic.
1201 2389 1263 2420 pro
1288 2379 1397 2421 Ligar.
1414 2390 1441 2411 e.
1461 2379 1492 2411 6.
1508 2381 1594 2410 liceat

341 2427 465 2466 mistros.
491 2425 551 2455 Sed
569 2423 715 2465 ellipticae
733 2425 807 2456 sunt
826 2424 1020 2461 locutiones,
1044 2422 1106 2454 8<
1098 2435 1131 2454 in
1148 2424 1234 2455 hunc
1250 2425 1386 2455 modum
1399 2425 1589 2468 supplendae
1603 2427 1658 2469 :st

342 2472 406 2500 licet
417 2468 511 2506 mihi,
534 2483 575 2500 me
585 2470 742 2511 absredere;
764 2472 847 2501 liceat
865 2469 971 2508 nobis,
993 2478 1053 2500 nos
1079 2469 1128 2512 ff
1158 2471 1281 2510 miseros.
1326 2471 1411 2501 Nam
1428 2471 1519 2512 quod
1537 2471 1656 2503 Cicero

342 2526 404 2557 pro
422 2515 551 2546 Balb.c.
573 2524 627 2547 12.
645 2514 736 2554 dicit,
758 2518 819 2546 civi
835 2517 961 2546 Romano
987 2517 1051 2545 licet
1075 2515 1124 2558 zffi
1143 2514 1329 2553 Gaditanum,
1351 2516 1484 2557 plenum
1500 2515 1555 2553 est,
1581 2527 1657 2548 eum

342 2561 392 2602 effe
406 2563 494 2590 civem
519 2563 705 2592 Gaditanum.
732 2559 886 2592 Similiter
902 2560 985 2592 illud
1000 2560 1138 2591 Terent.
1166 2561 1286 2592 Heaut.
1306 2569 1336 2593 2.
1352 2571 1384 2598 4.
1399 2559 1428 2592 8.
1444 2564 1555 2604 expedit
1570 2562 1657 2594 bonas

342 2605 392 2645 gffe
401 2607 478 2635 vobis
486 2620 496 2640 ;
516 2606 603 2647 quod
619 2605 782 2648 integrum
794 2606 849 2642 est,
860 2608 940 2637 vohis
955 2608 1078 2648 expedit,
1089 2616 1146 2636 vos
1171 2605 1220 2648 effi
1235 2606 1330 2637 bona·.
1374 2605 1408 2637 si
1427 2605 1524 2648 igitur
1543 2606 1576 2637 in
1594 2607 1657 2639 hoc

344 2650 416 2681 loco
433 2650 602 2692 vulgatum
620 2652 814 2683 servandum
831 2651 880 2688 fit,
905 2665 938 2682 το
962 2654 1093 2683 neminem
1111 2650 1342 2682 resolvendum
1366 2651 1429 2683 erit
1445 2652 1480 2682 in
1496 2664 1548 2681 non
1564 2665 1656 2694 quem-

343 2707 439 2735 quam,
461 2707 512 2724 non
528 2698 570 2725 ali
560 2710 672 2738 qtuem;
699 2705 736 2728 ut
754 2697 854 2728 sitnon
869 2699 1010 2727 liciturum
1023 2698 1160 2738 cuiquam,
1182 2708 1356 2747 quemquam
1359 2709 1464 2732 eorum,
1481 2697 1546 2728 διε.
1594 2697 1656 2728 Sed

343 2739 485 2770 multum
516 2741 638 2774 amidet
661 2743 851 2785 conjed’tura
881 2740 1020 2779 Dukeri,
1056 2745 1189 2772 neminem
1216 2739 1374 2774 mutantis
1400 2741 1433 2776 in
1454 2742 1558 2775 nemini
1577 2746 1670 2775 enirr„

344 2785 449 2818 Porro
463 2787 603 2818 initurum
620 2787 716 2830 supra
733 2786 912 2820 occurritl.
933 2795 989 2826 3².
997 2797 1026 2819 c.
1038 2795 1089 2822 21.
1107 2786 1140 2820 ὅς
1157 2786 1246 2828 apud
1264 2785 1336 2821 Cic.
