1830 3131
133 186 216 228 282

694 197 1098 248 EPITOME
1161 202 1257 245 Lm.
1296 207 1362 249 86.

349 311 532 368 padocia.
593 314 788 369 Fimbria,
822 316 1002 358 desertus
1032 316 1082 358 ab
1104 318 1303 371 exercitu,
1335 318 1406 374 qui
1440 320 1492 361 ad
1527 318 1683 364 Sullam

349 372 573 422 tranfierat,
602 374 683 428 ipse
716 375 754 415 se
794 375 1008 430 percuffit:
1040 376 1352 433 impetravitque
1381 378 1432 420 de
1461 379 1573 421 servo
1595 381 1682 432 suo,

345 430 530 486 praebens
552 432 766 485 cervicem,
799 445 843 475 ut
859 434 896 475 se
916 434 1137 477 occideret.
1467 432 1471 435 ⁵

784 569 1001 612 LIBRt
1070 569 1327 623 Lxxxw.

372 657 390 677 ,,

343 657 563 735 bULLA
601 682 759 740 legatis,
807 685 876 741 qui
920 701 942 727 a
992 685 1130 727 senatu
1183 686 1283 727 miffi
1323 696 1453 738 erant,
1485 681 1675 729 futurum

340 744 379 786 se
425 744 464 784 in
496 743 692 800 potestate
725 745 887 786 senatus
923 745 1143 801 respondit,
1177 745 1203 785 fi
1260 747 1382 796 cives,
1413 745 1486 802 qui
1517 745 1616 802 pulfi
1650 758 1674 787 a

339 801 473 845 Cinna
515 805 565 844 ad
608 803 644 844 se
676 803 964 860 confugerant,
1004 804 1325 846 restituerentur.
1368 819 1460 860 quae
1491 804 1674 846 conditio

337 876 468 917 quum
505 861 616 919 Justa
658 862 814 904 senatui
859 864 1082 914 videretur,
1135 878 1206 918 per
1252 863 1485 905 Carbonem
1527 863 1675 904 faetio-

336 934 514 975 nemque
536 922 641 978 ejus,
671 922 738 963 cui
760 921 914 963 bellum
935 921 1146 963 videbatur
1169 921 1324 972 utilius,
1348 935 1398 964 ne
1420 922 1673 972 conveniret,

334 980 531 1022 effeetum
567 981 645 1040 pst.
704 981 816 1021 Idem
854 979 1004 1029 Carbo,
1036 972 1164 1034 qtium
1200 980 1249 1021 ab
1276 981 1468 1023 omnibus
1509 979 1673 1036 oppidis

334 1038 464 1080 Italiae
484 1038 739 1093 coloniisque
761 1039 916 1080 obfides
939 1039 1102 1099 exigere
1125 1041 1261 1089 vellet,
1293 1053 1338 1080 ut
1369 1039 1493 1081 fidem
1527 1053 1673 1081 eorum

331 1107 475 1142 contra
496 1099 653 1140 Sullam
676 1098 890 1154 obligaret,
922 1097 1116 1139 consensu
1154 1097 1314 1139 senatus
1336 1098 1567 1154 prohibitus
1598 1097 1672 1139 est.

333 1157 466 1199 Novis
488 1157 645 1198 civibus
667 1157 1011 1198 senatusconsulto
1034 1157 1269 1212 suffragium
1305 1158 1446 1198 datum
1479 1156 1550 1199 est.
1612 1157 1670 1213 Q.

334 1217 533 1259 Metellus
555 1216 668 1266 Pius,
701 1216 772 1271 qui
792 1226 927 1271 partes
949 1215 1211 1270 optimatium
1230 1214 1390 1257 secutus
1417 1226 1518 1266 erat,
1536 1229 1668 1271 quum

330 1274 395 1330 in}¹
418 1274 561 1316 Africa
603 1275 757 1316 bellum
779 1274 1009 1324 moliretur,
1043 1288 1065 1314 a
1106 1273 1154 1315 C.
1186 1273 1311 1316 Fabio
1333 1284 1507 1329 praetore
1529 1274 1670 1329 pulsus

331 1333 414 1375 est:
468 1333 709 1389 senatusque
745 1334 978 1376 consultum
1020 1347 1091 1388 per
1123 1332 1347 1374 factionem
1390 1333 1590 1376 Carbonis
1627 1337 1668 1377 δε

332 1393 618 1435 Marianarum
648 1393 826 1449 partium
857 1392 1014 1434 faetum
1052 1391 1127 1442 est,
1161 1401 1206 1432 ut
1232 1405 1375 1434 omnes
1410 1391 1562 1447 ubique
1597 1405 1670 1432 ex-

329 1451 482 1493 ercitus
503 1452 822 1494 dimitterentur.
883 1451 1085 1493 Libertini
1123 1450 1162 1490 in
1200 1453 1385 1507 quinque
1422 1454 1462 1494 δι
1499 1450 1666 1508 triginta

329 1509 460 1551 tribus
483 1510 686 1552 distributi
718 1509 824 1551 sunt.
887 1510 1087 1550 Praeterea
1128 1508 1223 1550 belli
1265 1520 1523 1567 apparatum,
1553 1511 1667 1566 quod

327 1579 472 1612 contra
486 1569 644 1612 Sullam
665 1567 936 1619 excitabatur,
968 1566 1163 1610 continet.

734 1691 769 1731 L
794 1690 868 1732 113
887 1690 962 1730 RI
1028 1688 1262 1730 LXXXV.

330 1777 549 1855 SULLA
588 1808 629 1848 in
657 1808 817 1848 Italiam
851 1821 944 1847 cum
966 1807 1153 1848 exercitu
1181 1805 1357 1862 trajecit,
1389 1804 1589 1860 missisque
1606 1807 1663 1847 le-

325 1870 444 1924 gatis,
478 1868 549 1924 qui
573 1868 623 1908 de
646 1881 745 1921 pace
767 1876 950 1921 agerent,
973 1881 994 1906 a
1011 1865 1176 1907 consule
1199 1864 1247 1906 C.
1266 1864 1466 1906 Norbano
1487 1864 1664 1916 violatis,

324 1928 502 1968 eundem
525 1925 771 1968 Norbanum
800 1925 947 1979 proelio
971 1924 1081 1965 vicit.
1142 1923 1194 1964 Et
1219 1937 1348 1978 quum
1376 1923 1426 1965 L.
1453 1923 1659 1978 Scipionis

322 1987 490 2027 alterius
512 1984 703 2034 consulis,
735 1997 831 2025 cum
853 1997 936 2038 quo
952 1996 1024 2038 per
1045 1982 1185 2024 omnia
1205 1982 1246 2022 id
1267 1991 1421 2037 egerat,
1453 1990 1498 2022 ut
1518 1996 1662 2036 pacem

323 2046 525 2101 iungeret,
548 2058 622 2085 nec
643 2052 848 2098 potuerat,
879 2041 1008 2083 castra
1029 2050 1342 2098 oppugnaturus
1363 2041 1473 2091 esset,
1496 2040 1660 2082 univer-

318 2095 389 2144 'sus
419 2103 622 2144 exercitus
658 2100 850 2150 consulis,
900 2100 1138 2141 sollicitatus
1179 2113 1251 2155 per
1286 2100 1446 2141 emiffos
1483 2113 1506 2139 a
1543 2099 1659 2142 Sulla

320 2163 487 2212 milites,
519 2162 629 2217 ligna
665 2161 715 2201 ad
737 2159 894 2201 Sullam
916 2159 1134 2200 transtulit.
1197 2157 1352 2213 Scipio,
1374 2172 1504 2214 quum
1525 2157 1659 2200 occidi

319 2222 462 2277 posset,
494 2219 676 2262 dimifl'us
710 2218 781 2260 est.
858 2219 939 2258 Cn.
983 2217 1222 2272 Pompeius,
1255 2217 1333 2260 Cn.
1374 2218 1422 2260 F.
1453 2217 1557 2273 ejus,
1587 2216 1660 2272 qui

320 2279 519 2322 Asculum
533 2288 710 2333 ceperat,
741 2276 970 2332 conscripto
986 2275 1311 2317 voluntariorum
1332 2275 1534 2323 exercitu,
1560 2288 1659 2316 cum

320 2339 452 2381 tribus
468 2337 698 2394 legionibus
715 2337 765 2376 ad
787 2336 942 2377 Sullam
965 2344 1130 2376 venerat
1148 2351 1161 2384 ς
1194 2334 1244 2375 ad
1267 2349 1390 2389 quem
1407 2334 1446 2375 se
1466 2332 1658 2375 nobilitas

319 2399 456 2439 omnis
477 2395 729 2445 conferebat,
759 2394 814 2435 ita
836 2404 882 2435 ut
914 2392 1067 2434 deserta
1091 2392 1190 2434 urbe
1213 2394 1263 2434 ad
1285 2394 1414 2436 castra
1435 2392 1656 2434 veniretur.

318 2457 522 2499 Praeterea
549 2453 830 2510 expeditiones
866 2467 938 2509 per
960 2462 1089 2494 totam
1118 2450 1280 2493 Italiam
1301 2451 1510 2508 utriusque
1530 2449 1659 2507 partis

319 2517 473 2558 ducum
495 2514 746 2557 referuntur.

728 2606 944 2649 LIBRI
1005 2604 1245 2650 LXXXVI.

324 2717 559 2807 QUUM
595 2741 643 2782 C.
681 2737 861 2789 Marius,
892 2737 944 2780 C.
970 2735 1097 2781 Marii
1139 2733 1264 2786 filius,
1295 2731 1435 2778 consul
1469 2736 1562 2774 ante
1579 2742 1655 2830 {Z
