1794 3121
627 175 1053 219 INDEX.·
1499 197 1577 242 551

153 301 249 356 pitae
282 299 452 342 Lanuvii
483 299 720 349 lacrimavit,
741 300 800 340 xl.

160 374 224 414 19.
675 368 679 372 '
704 370 706 373 ·

95 442 206 450 —--
218 417 284 457 Sol
303 417 444 457 rubere
463 417 571 458 visus
587 417 700 457 solito
716 431 800 457 ma-

152 475 230 530 gis,
275 475 484 529 similisque
566 475 798 530 sanguineo,

150 546 258 572 xxv.
280 546 318 585 7.
336 547 406 586 per
424 543 553 573 totum
573 533 677 573 diem
712 532 798 572 Pri-

149 590 261 632 verni
282 591 419 631 sereno
442 591 560 631 ruber
575 591 665 641 fuit,
685 591 798 631 xxxi.

156 662 173 691 1
186 662 224 690 2.
631 675 635 678 ·

216 706 320 748 Solis
337 706 443 748 orbis
461 707 585 746 minui
602 706 706 746 visus
717 706 798 746 Cu-

150 764 243 814 mis,
262 770 453 819 xxx.38.
472 765 558 805 vide
573 766 683 804 etiam
699 764 798 806 xxii.

157 832 195 863 12

222 880 335 921 Soles
358 881 438 920 duo
455 879 537 928 vifi,
562 879 711 920 xxviii.
731 897 746 925 1
762 896 798 924 13

155 940 281 978 xxix.
302 952 366 990 14.
775 947 779 951 ’

214 995 330 1036 Soles
360 1005 441 1036 tres
481 994 602 1036 simul
638 997 796 1039 effulse-

144 1061 256 1103 runt,
277 1055 345 1096 xli,
372 1054 439 1095 26.

227 1112 364 1154 Sortes
381 1112 449 1152 sua
466 1110 604 1164 sponte
625 1123 799 1154 extenu-

144 1179 235 1220 atae,
251 1185 412 1224 unaque
427 1168 579 1210 excidit
599 1170 653 1211 ita
671 1171 799 1226 scrip-*

145 1237 203 1278 ta,
230 1229 402 1270 Mavors
453 1230 569 1269 telum
627 1232 797 1279 concutit,

147 1286 258 1329 xxii.
283 1301 316 1327 1.

214 1345 378 1400 Species
391 1344 464 1385 viri
482 1344 659 1399 majoris,
674 1357 796 1399 quam

144 1417 219 1457 pro
241 1403 421 1444 humano
440 1402 598 1452 habitu,
619 1403 796 1456 augusti-

141 1461 317 1515 orisque,
330 1460 409 1501 visa
426 1461 467 1501 in
485 1461 618 1514 quiete
638 1463 796 1514 utrique

144 1519 314 1566 consuli,
330 1519 416 1559 viii.
453 1521 491 1558 6.
527 1518 692 1572 Species
721 1520 795 1559 ho-

142 1577 302 1618 minum
337 1578 440 1618 circa
471 1590 581 1616 aram
613 1578 653 1616 in
676 1579 796 1626 coelo,

142 1649 238 1676 cum
260 1635 428 1675 candida
451 1634 570 1682 veste,
593 1633 710 1675 xxiv.
735 1651 794 1676 10.

206 1693 340 1746 Spicae
373 1692 616 1733 metentibus
651 1706 795 1734 cruen-

145 1758 196 1790 tae
216 1750 258 1790 in
280 1752 444 1791 corbem
466 1750 661 1802 cecidere,
683 1752 792 1791 xxii.

146 1823 183 1851 1.
199 1809 445 1849 metentibus
474 1818 652 1849 cruentae
686 1809 792 1860 visae,

145 1867 294 1906 xxviii.
325 1880 338 1906 1
354 1880 386 1907 1.

85 1948 194 1956 ——w
220 1929 417 1978 Stagnum
458 1924 657 1974 Mantuae5
689 1925 795 1965 effu-

139 1980 228 2020 sum
251 1982 408 2022 Mincio
429 1974 555 2032 amni,
575 1994 792 2023 cruentum

142 2038 285 2088 visum,
308 2042 416 2079 xxiv.
442 2053 506 2079 10.

84 2121 191 2129 —--
210 2097 410 2150 strepitus
451 2111 547 2138 cum
586 2097 792 2140 horrendo

132 2152 292 2208 fragore
312 2155 478 2195 Lanuvii
495 2156 538 2195 in
560 2157 645 2195 aede
664 2156 794 2208 Juno-

141 2212 204 2252 nis
229 2212 396 2266 Sospitae
409 2213 555 2264 editus,
574 2213 706 2254 xxiX.
725 2227 788 2266 14.

142 2283 265 2309 xxxi.
294 2283 360 2311 12.

221 2329 261 2368 T
263 2327 421 2369 abernae
468 2328 686 2370 Frusinone
717 2331 791 2371 -de

140 2387 246 2429 coelo
289 2388 422 2437 tafiae,
473 2398 580 2425 xxx.
644 2391 711 2442 38.
752 2392 790 2432 &

142 2444 388 2496 Minturnis,
404 2445 549 2488 xxxvi.
575 2455 653 2499 37:

215 2502 377 2544 Taurus
394 2517 488 2544 cum
503 2504 686 2557 quinque
698 2517 790 2545 vac-

140 2563 195 2602 cis
217 2573 298 2600 uno
329 2560 511 2604 fulminis
533 2561 619 2603 ictu
647 2563 790 2603 exani—

137 2618 250 2668 mati,
266 2619 354 2661 xlii.
378 2626 447 2663 20.
558 2629 562 2632 ·

992 300 1231 354 'rempestas
1287 316 1406 349 atrox
1461 309 1568 365 ligna

914 372 1025 397 renea
1048 359 1088 397 in
1105 360 1306 413 Capitolio
1320 367 1482 422 dejeci-t,
1506 372 1564 410 xl.

915 427 955 456 2.
978 414 1106 455 forem
1123 431 1178 456 ex
1197 422 1282 461 aede
1311 423 1456 475 Lunae,
1476 442 1568 481 quae

906 474 948 511 in
974 475 1123 513 Aventi
1159 478 1256 526 oest‚
1297 494 1453 535 raptam
1505 474 1578 526 ιιι-

910 530 973 579 lit,
1011 533 1048 570 8<
1084 531 1125 570 in
1158 535 1316 586 posticis
1348 542 1567 592 parietibus

912 589 1070 628 Cereris
1105 594 1246 645 templi
1285 596 1445 648 adfixit,
1476 601 1564 640 ibid.

913 646 1019 701 signa
1058 648 1098 686 in
1129 647 1252 689 Circo
1275 655 1450 695 maximo
1472 672 1566 698 cum

911 706 1131 755 columnis,
1170 707 1318 760 quibus
1371 712 1566 766 supersta-

912 763 1026 813 bant,
1059 766 1220 815 evertit,
1267 768 1352 809 ibid.
1396 772 1473 812 vicl.
1517 775 1569 814 δ’

913 833 982 874 45·
1217 858 1219 861 ⁴

944 934 952 941 “
986 878 1208 933 Templum
1245 881 1421 934 Junonis
1453 887 1572 929 Laci-

912 949 990 976 niae
1010 937 1058 977 de
1077 938 1184 978 coelo
1213 940 1385 991 tatium,
1408 947 1572 990 xxxvii.

1009 1051 1213 1093 Tenebrae
1253 1054 1344 1097 luce
1395 1059 1569 1114 obortae,

914 1110 1186 1163 xxxviii.36.

854 1194 966 1202 .--
987 1169 1115 1209 Terra
1136 1169 1291 1225 ingenti
1323 1183 1437 1215 motu
1472 1191 1570 1217 con·

912 1227 1035 1277 cussa,
1073 1226 1131 1266 iii.
1201 1240 1264 1269 10.
1303 1232 1564 1276 multifariam

914 1285 1094 1336 pluitrx.
1128 1296 1198 1338 31.
1229 1287 1312 1328 vid.
1349 1289 1400 1331 ξεῖ
1429 1305 1563 1334 xxxv.

913 1341 1165 1385 21.x>:xvii.
1199 1357 1239 1397 3-
1254 1345 1334 1387 xlii.
1370 1360 1439 1390 20.
1480 1354 1567 1394 xlv.

915 1405 984 1443 16.
1026 1401 1228 1456 Anagniae
1269 1414 1360 1444 ante
1408 1420 1568 1460 portam

909 1458 1009 1508 insta,
1052 1459 1162 1499 diem
1197 1474 1243 1500 ac
1286 1463 1449 1504 ηοξὶειη
1487 1468 1567 1509 fine

912 1517 994 1556 ullo
1050 1516 1153 1571 ignis
1192 1517 1410 1561 .alirnento
1460 1526 1567 1578 arfit,

912 1574 1043 1615 xxvii.
1079 1589 1121 1626 4.
1166 1575 1315 1630 Arpini
1351 1583 1566 1635 campestri

909 1632 1061 1687 agroin
1082 1632 1288 1688 ingentem
1315 1636 1444 1679 sinum
1466 1655 1564 1681 con-

911 1690 1027 1742 sedit,
1077 1701 1183 1732 xxx.
1236 1704 1272 1733 2.
1329 1694 1561 1750 ingentibus

909 1748 1088 1790 cavernis
1125 1750 1166 1789 in
1208 1749 1419 1794 Veliterno
1467 1770 1563 1811 agro

908 1806 1105 1857 consedit,
1133 1805 1373 1864 arboresque
1412 1812 1451 1851 in
1469 1828 1563 1867 pro-

906 1863 1082 1919 fundum
1116 1864 1289 1916 haustae,
1332 1881 1449 1910 xxx.
1490 1878 1560 1926 38.

909 1921 988 1963 vicl.
1017 1923 1070 1965 ἐφ’
1089 1922 1233 1963 xxxii.
1258 1939 1298 1976 9,

850 1980 991 2022 Terrae
1009 1981 1184 2023 motibus
1204 1982 1354 2025 crebris
1382 1985 1490 2028 tedia
1521 1988 1563 2030 in

906 2039 1011 2093 agris
1025 2049 1164 2092 ruunt,
1179 2041 1233 2084 iv·
1250 2053 1316 2083 21.

982 2096 1142 2139 Tiberis
1178 2098 1407 2149 inundatio,
1452 2113 1559 2146 xxx.

907 2161 977 2208 38.
999 2156 1086 2196 loca
1103 2157 1222 2210 plana
1244 2156 1354 2198 urbis
1389 2158 1562 2201 inunda-

904 2224 976 2263 vit,
994 2224 1129 2253 xxxv.
1152 2229 1191 2268 9.

845 2294 960 2306 .--...
975 2273 1112 2313 Vacca
1134 2286 1246 2312 aenea
1265 2273 1467 2327 Syracufis
1507 2277 1560 2321 ab

904 2330 1049 2384 agresti
1069 2340 1185 2369 tauro
1202 2330 1318 2380 inita,
1340 2346 1386 2372 ac
1408 2331 1558 2374 semine

903 2388 1100 2442 adspersa,
1120 2387 1199 2427 xli.
1223 2399 1286 2441 17.

986 2445 1212 2498 Vesparum
1228 2445 1372 2500 ingens
1387 2459 1558 2498 examen

903 2504 1054 2558 Capuae
1068 2503 1109 2542 in
1129 2502 1264 2542 forum
1286 2504 1500 2557 advolavit,
1518 2510 1562 2548 ὅτ

867 2576 869 2578 ·
902 2561 946 2602 iu
969 2560 1117 2603 Martis
1129 2561 1214 2604 aede
1230 2561 1422 2613 consedit,
1430 2577 1557 2627 xxxv3

904 2633 948 2673 9·
1559 2658 1562 2661 Δ

1349 2702 1457 2712 ---
1475 2678 1555 2720 Via
