1861 3116
389 210 424 262 L
441 219 460 261 1
476 221 508 263 Β
527 207 560 261 E
578 219 619 260 R
665 205 796 262 xm.
838 216 874 259 e
892 219 930 259 A
947 213 996 259 Ρ.
1043 209 1244 263 xxxvl,

159 332 318 375 &oritate
335 335 494 377 senatus
511 335 650 392 gratiae
665 335 782 385 afilae,
800 333 1033 388 tribunique
1048 334 1240 376 militares
1258 336 1296 376 in
1314 337 1473 392 legione

158 393 290 444 ptimfi
318 400 341 446 †
361 395 540 449 primum
576 395 706 450 pilum
727 394 888 434 virtutis
908 393 1024 434 caus&
1047 393 1083 433 ei
1115 393 1373 449 assignarunt.
1409 411 1476 436 ce-

159 451 233 491 teri
266 453 543 506 centuriones,
574 453 716 494 omissa
747 452 1036 508 appellatione,
1067 453 1118 492 ad
1149 453 1356 493 deleElum
1379 454 1476 493 obe-

158 508 315 549 dienter
335 511 643 566 responderunt.
703 511 803 568 Qo
839 509 1039 550 maturitis
1072 511 1111 549 in
1136 511 1361 565 provincias
1392 526 1479 551 ma-

156 566 343 620 gistratus
367 570 731 622 proficiscerentur,
747 575 772 622 †
792 569 950 610 Latinae
971 568 1167 610 Kalendis
1183 570 1318 622 Juniis
1338 569 1451 610 fuere
1468 585 1479 610 :

157 638 288 679 eoque
319 627 485 668 sollenni
516 629 714 684 perfec‘l'o,
744 628 793 668 C.
822 626 1041 668 Lucretius
1074 637 1241 682 praetor,
1271 628 1480 678 omnibus,

158 697 249 736 quae
284 686 334 725 ad
376 687 536 729 claffem
566 700 671 743 opus
705 695 838 736 erant,
872 685 1096 740 praemiffis,
1136 686 1398 726 Brundifium
1421 687 1479 727 est

128 741 383 795 „profectus
432 745 585 787 Praeter
606 759 675 787 eos
696 744 913 792 exercitus,
935 758 1038 797 quos
1060 744 1246 786 consules
1268 759 1481 800 compara-

156 799 272 854 bant,
304 803 354 845 C.
388 804 570 858 Sulpicio·
608 803 755 845 Galbae
788 803 955 858 praetori
991 803 1204 858 negotium
1242 804 1401 855 datum,
1433 813 1482 844 ut

158 868 333 913 quatuor
354 863 535 918 legiones
557 863 744 905 scriberet
767 861 940 902 urbanas
967 861 1076 913 justo
1099 875 1272 902 numero
1293 862 1480 917 peditum

157 919 456 975 equitumque3
488 921 616 976 iisque
650 922 714 976 (1)
735 931 912 974 quatuor
933 919 1117 961 tribunos
1139 919 1318 960 rnilitum
1349 935 1398 962 ex
1422 920 1481 960 se-

157 986 255 1018 natu
277 980 441 1033 legeret,
464 980 533 1034 qui
551 980 759 1034 praeeffent
777 994 786 1019 :
818 978 934 1019 sociis
955 977 1091 1018 Latini
1109 979 1285 1020 nominis
1306 979 1483 1034 impera·

156 1046 217 1076 ret
248 1037 481 1090 quindecim
502 1039 628 1078 millia
650 1038 852 1093 peditum,
880 1037 991 1076 mille
1015 1039 1052 1077 ἃ
1078 1038 1277 1079 ducentos
1305 1038 1478 1091 equites„

155 1094 197 1134 Is
217 1099 417 1137 exercitus
452 1097 512 1137 uti
535 1107 700 1152 paratus
721 1096 833 1147 efl'et,
855 1094 939 1149 quo
961 1096 1122 1135 senatus
1145 1096 1370 1136 censuisset.
1432 1098 1478 1137 P.

155 1151 318 1195 Licinio
340 1155 494 1196 consuli
514 1158 564 1196 ad
585 1155 814 1196 exercitum
834 1154 996 1196 civilem
1023 1153 1292 1208 socialemque
1325 1153 1480 1208 petenti

157 1212 293 1252 addita
312 1214 477 1265 auxilia,
499 1214 703 1268 Ligurum
737 1214 821 1253 duo
851 1213 992 1262 millia,
1027 1212 1239 1253 Cretenses
1271 1213 1480 1268 sagittarii,

158 1270 353 1320 (incertus
375 1286 588 1322 numerus,
609 1282 811 1326 quantum
841 1271 972 1326 rogati
993 1270 1144 1311 auxilia
1181 1275 1243 1327 (2)
1264 1271 1480 1313 Cretenses

158 1328 364 1385 misissent)
390 1331 585 1372 Numidae
627 1326 917 1384 itembequites
951 1329 1256 1384 elephantique.
1318 1330 1366 1369 In
1388 1343 1481 1369 eam

156 1390 242 1427 rem
260 1389 380 1443 legati
397 1391 446 1429 ad
465 1388 710 1430 Masinissam
725 1387 1162 1442 Karthaginiensesque
1180 1387 1296 1436 miffi,
1312 1387 1363 1428 L.
1384 1387 1481 1427 Pos-

156 1446 310 1487 tumius
341 1447 533 1497 Albinus,
569 1447 643 1505 Q
661 1446 881 1486 Terentius
920 1445 1080 1495 Culleo,
1118 1446 1165 1485 C.
1190 1445 1386 1487 Aburius.
1429 1445 1481 1485 In

157 1504 321 1545 Cretam
336 1505 434 1547 item
451 1507 605 1561 legatos
623 1515 703 1545 tres
724 1504 782 1544 ire
814 1503 980 1557 placuit,
1004 1505 1057 1543 A.
1081 1503 1338 1545 Postumium
1362 1503 1480 1545 Albi-

157 1571 273 1612 num,
291 1564 342 1606 C.
364 1564 618 1613 Decimium,
641 1564 695 1604 A.
717 1561 925 1603 Licinium
946 1562 1144 1602 Nervam.

214 1621 418 1664 XXXVI.
466 1623 545 1664 Per
571 1623 681 1663 idem
710 1631 872 1675 tempus
902 1621 1024 1675 legati
1046 1621 1096 1661 ab
1117 1634 1213 1675 rege
1233 1621 1381 1663 Perseo
1410 1636 1480 1663 ve-

154 1690 317 1737 rterunt.
355 1695 426 1722 eos
447 1681 490 1721 in
506 1681 705 1737 oppidum
727 1682 788 1734 (1)
809 1679 1026 1719 intromitti
1041 1693 1124 1720 non
1146 1681 1316 1734 placuit,
1349 1695 1478 1735 quum

149 1740 235 1795 jam
256 1745 280 1793 ss
301 1740 454 1780 bellum
481 1741 567 1797 regi
602 1751 745 1780 eorum
770 1739 809 1780 δι
843 1738 1142 1779 Macedonibus
1166 1739 1206 1779 &
1228 1739 1388 1780 senatus
1410 1742 1481 1780 de-

156 1800 313 1850 cresset,
337 1801 377 1840 δε
415 1802 591 1853 populus
621 1797 800 1854 juffisset.
861 1797 909 1836 In
949 1798 1080 1837 aedem
1122 1799 1184 1851 (2)
1220 1797 1401 1838 Bellonae
1438 1798 1481 1839 in

154 1856 339 1899 senatum
365 1857 591 1899 introducti
621 1857 676 1897 ita
701 1854 822 1896 verba
849 1855 1063 1896 fecerunt:
1095 1856 1249 1896 Mirari
1271 1858 1406 1913 Persea
1423 1873 1484 1897 re-

154 1932 255 1972 gem,
269 1922 294 1971 †
309 1917 401 1972 quid
418 1918 458 1956 in
489 1916 755 1957 Macedoniam
786 1916 968 1954 exercitus
989 1915 1237 1972 transportati
1256 1915 1377 1971 eff’nt.
1442 1917 1483 1957 Si

158 1978 361 2031 impetrari
390 1975 558 2030 astnatu
583 1976 711 2031 pqffi't‚
732 1981 775 2013 ut
795 1975 822 2012 ii
842 1982 1076 2023 revocentur,
1105 1974 1226 2027 &egem
1247 1977 1291 2013 de
1312 1975 1482 2029 injuriis,

142 2034 187 2091 si
204 2049 297 2089 quas
302 2035 414 2089 sociis
429 2033 567 2090 saitae
585 2040 848 2088 quererentur,
869 2033 1060 2072 arbitratu
1080 2033 1237 2087 senatfcs
1256 2033 1483 2088 stztisfac‘lu-

159 2108 247 2134 rum
278 2094 355 2149 effe.
418 2100 489 2146 Sp.
512 2091 730 2142 Carvilius,
752 2091 802 2130 ad
832 2104 924 2130 eam
958 2090 1085 2144 ipsam
1118 2104 1203 2130 rem
1234 2106 1284 2132 ex
1317 2091 1482 2132 Graecifz

159 2151 342 2193 remifl‘us
364 2150 414 2192 ab
432 2152 510 2192 Cn.
535 2150 707 2200 Sicinio,
729 2149 770 2188 in
785 2148 924 2188 senatu
945 2158 1042 2189 erat.
1068 2150 1101 2190 is
1121 2148 1396 2190 Perrhaebiam
1412 2165 1484 2191 ex-

157 2220 381 2265 pugnatam
403 2209 541 2260 armis,
566 2207 780 2249 Theffaliae
813 2207 969 2261 aliquot
989 2207 1110 2248 urbes
1142 2218 1297 2262 captas,
1333 2218 1482 2260 cetera,

159 2275 249 2323 quae
272 2280 342 2310 aut
363 2278 515 2324 ageret,
547 2277 616 2307 aut
639 2276 797 2321 pararet
817 2280 906 2314 rex,
928 2280 1056 2319 quum
1088 2277 1290 2321 argueret,
1316 2267 1482 2321 respon-

157 2329 254 2369 dere
280 2330 331 2370 ad
352 2341 400 2368 ea
435 2326 556 2383 legati
573 2325 680 2383 jussi.
741 2323 962 2379 Postquam
998 2325 1248 2376 haesitabant,
1284 2336 1481 2424 negauit?

1422 2400 1433 2422 l
1465 2398 1479 2425 l

203 2502 242 2535 C.
268 2510 324 2543 35.
347 2499 402 2544 (1)
429 2494 478 2536 Ex
493 2512 584 2535 more
597 2499 691 2533 solito
705 2500 831 2533 tribuni
848 2502 980 2534 alternis
995 2500 1229 2544 imperitabant
1242 2499 1341 2542 (vid.
1358 2509 1428 2533 not.
1449 2509 1479 2534 2.

158 2546 202 2579 ad
217 2560 247 2581 c.
268 2559 324 2586 41.
342 2546 363 2578 l.
377 2559 430 2587 40.
450 2550 580 2591 supra.)
604 2548 664 2577 Sed
682 2546 741 2583 his,
757 2547 813 2587 qui
832 2558 870 2578 ex
883 2548 996 2579 senatu
1021 2547 1189 2590 leguntur,
1205 2552 1305 2579 datur
1322 2546 1480 2579 nimirum

159 2593 203 2626 ob
220 2594 413 2635 ampliorem
429 2594 596 2637 dignitatis
618 2592 756 2634 gradum
781 2592 1039 2624 extraordinaria
1062 2593 1212 2633 potestas.
1242 2594 1299 2633 (2)
1322 2592 1482 2635 Displicet

160 2638 334 2672 Gronovio
365 2639 518 2682 repetitio
549 2637 790 2681 vocisffuxilia.
840 2640 955 2680 Rogare
978 2640 1092 2669 auxilia
1116 2637 1259 2670 occurrit
1286 2640 1376 2681 apud
1405 2638 1481 2671 Caess

160 2683 183 2718 ὶε
201 2695 231 2717 ι.
246 2683 326 2717 Bell.
342 2685 427 2716 Gall.
442 2696 472 2716 c.
490 2693 545 2716 11.
571 2685 600 2715 se
617 2683 881 2725 rogaresubfidium
897 2683 919 2714 1.
934 2694 962 2724 7.
979 2694 1006 2714 c.
1020 2694 1054 2723 5.

208 2731 246 2762 C.
264 2730 316 2770 26.
337 2732 395 2775 (1)
411 2732 490 2767 Vid.
505 2737 577 2766 not.
595 2729 678 2764 aad
693 2739 721 2762 c.
738 2737 794 2762 λα.
808 2727 916 2771 supra.
939 2730 996 2771 (2)
1007 2728 1163 2764 Similiter
1177 2729 1274 2772 supra
1291 2728 1315 2761 1.
1331 2737 1388 2768 32·
1401 2738 1482 2772 ast.

1498 1649 1602 1691 Legoli
1613 1663 1633 1681 a

1499 1696 1610 1737 Persen,

1451 2778 1514 2805 n'a'

1642 233 1691 275 77
