1830 3131
699 153 1151 198 INDEX.
1623 159 1703 194 327

216 281 449 333 insidentes,
500 299 520 325 a
575 281 759 336 Philippo
804 279 901 320 fuu-

215 342 388 394 duntur‚
423 356 462 396 7.

217 401 625 455 paccmfaciuntcum
637 404 818 452 eo‚xxix.
837 417 896 446 12.

276 460 327 499 ad
348 472 417 501 eos
450 461 604 517 legatos
645 462 773 504 mittit
800 462 899 503 Phi-

216 516 367 571 lippus,
389 533 439 559 ne
472 522 649 562 adventu
684 521 898 562 Romano-

217 589 309 614 rum
329 575 451 617 fidem
476 592 654 632 mutent,
670 581 805 620 xxxi.
826 586 894 624 28.

214 647 310 674 cum
333 635 637 681 Athamanibus
661 640 813 688 bellurn
836 639 897 679 in-

215 690 355 733 serunt
410 695 619 751 Philippo,
667 702 704 740 Se
760 698 809 739 ab
847 713 896 739 eo

213 752 521 807 caeduntur,41.
542 756 732 799 deserunt
753 757 896 810 castra,

219 811 257 850 &
291 811 332 852 in
369 814 566 857 AEtoliam
601 814 782 872 fugiunt,
823 829 896 868 42.

216 867 451 912 AEtolorum
469 873 666 929 juventus
681 875 723 914 in
738 875 898 931 AEgyp-

212 939 303 969 tum
340 931 528 982 adiecta,
562 945 636 984 43.
659 932 896 975 AEtolorum

212 985 444 1043 legatorum
496 1005 592 1032 cum
655 993 798 1034 Attalo
853 995 895 1035 δε

211 1044 416 1089 Romanis
440 1049 712 1104 colloquium,
733 1054 807 1103 46.

212 1103 450 1148 AEtolorum
504 1109 728 1151 concilium
762 1111 897 1152 Hera-

210 1164 341 1204 cleam
379 1165 600 1218 indictum,
645 1169 810 1210 xxxiii.
853 1183 895 1224 3.

210 1221 262 1263 ab
321 1238 466 1265 eorum
530 1227 737 1281 equ-itibus
792 1228 896 1284 regii

212 1278 431 1340 sugantur,
453 1290 495 1326 6.
522 1298 668 1331 eorum
689 1301 815 1342 eques
853 1287 896 1327 in

213 1338 382 1382 Graecia
398 1341 455 1383 est
473 1343 595 1399 longe
611 1346 808 1400 optimus,
822 1359 895 1400 pe-

212 1398 295 1440 dite
317 1399 423 1442 inter
439 1400 638 1445 finitimos
657 1404 894 1452 vincuntur,

214 1470 254 1506 7.
276 1472 421 1501 eorurn
461 1462 656 1515 querelae,
689 1462 895 1503 insatiabi-

210 1515 260 1558 lis
271 1517 439 1560 aviditas
457 1519 620 1572 praedae,
643 1523 679 1562 ἔνι
699 1535 892 1575 arrogan-

208 1574 280 1625 tia,
312 1591 378 1619 11.
412 1578 519 1618 inter
540 1592 610 1619 eos
647 1581 687 1621 ἃ
728 1579 894 1636 Quinti-

210 1647 280 1674 um
295 1635 345 1676 de
361 1635 519 1678 Thebis
540 1636 791 1680 Phthioticis
813 1637 893 1679 dis-

207 1695 399 1748 ceptatio,
429 1707 495 1747 13.
534 1695 648 1750 pacis
669 1710 764 1738 cum
794 1696 894 1738 Phi-

206 1750 319 1807 lippo
332 1755 442 1810 leges
456 1759 540 1796 non
558 1754 802 1810 approbant,
819 1769 843 1806 3
855 1770 870 1796 1
882 1785 891 1795 .

207 1822 279 1864 35.
297 1812 462 1869 ingenio
484 1813 666 1868 inquieta
688 1829 806 1870 gens,
820 1829 892 1866 44.

208 1870 447 1914 AEtolorum
479 1871 604 1914 animi
637 1887 710 1915 cur
730 1873 893 1914 alienati

207 1943 230 1969 a
253 1928 442 1973 societate
459 1933 664 1983 Romana,
688 1947 761 1984 49.

269 1988 522 2039 invehuntur'
542 1991 581 2029 in
606 1990 895 2042 Athenienses,

209 2047 248 2088 ἃ
270 2047 485 2093 Romanos
525 2049 759 2090 insimulant
781 2049 894 2090 frau-

207 2106 285 2156 dis,
309 2108 470 2148 xxxiv.
489 2120 559 2161 23.

267 2167 477 2212 concitant
515 2179 628 2220 reges
649 2166 697 2206 ad
733 2165 891 2209 bellum

209 2223 467 2275 Romanum,
488 2237 639 2264 xxxv.
671 2236 736 2272 12.
751 2226 893 2265 decre-

209 2293 297 2323 tum
333 2283 509 2334 faciunt,
557 2298 641 2338 quo
683 2283 891 2324 arcessitur

209 2343 442 2384 Antiochus
518 2344 569 2394 acl
637 2342 889 2383 liberandam

209 2401 435 2450 Graeciam,
459 2414 529 2457 33.
564 2410 766 2456 occupant
804 2401 891 2442 De·

208 2460 449 2501 men-{adem
463 2460 622 2509 urbem,
647 2474 716 2515 34.
751 2459 889 2500 Nabin

205 2518 475 2569 interficiunt,
534 2529 605 2572 35.
676 2518 891 2559 caeduntur

207 2592 230 2617 a
250 2577 591 2625 Lacedaemoniis,
615 2578 686 2631 36.
724 2576 890 2624 Chalci-

206 2638 300 2677 dem
342 2649 581 2691 oppugnare
618 2644 792 2682 tentant,
817 2648 887 2687 37.

217 2695 465 2743 Antiochum
508 2694 713 2750 appellant
759 2693 890 2746 impe-

1015 289 1210 336 ratorem,
1237 294 1308 334 43.
1329 282 1562 323 AEtolorum
1585 280 1696 335 prin-

1013 339 1154 393 cipum
1215 355 1310 382 cum
1362 339 1696 383 Chalcidensibus

1014 400 1285 452 colloquium,
1315 402 1392 450 46.
1415 410 1574 441 tentant
1595 397 1696 439 soci-

1014 470 1059 497 os
1081 457 1383 506 Romanorum,
1406 471 1478 512 47.

1072 515 1110 555 se
1152 517 1413 574 conjungunt
1468 516 1694 559 Antiocho.

964 582 969 585 '
1015 575 1174 616 xxxvi.
1196 591 1239 630 9.
1269 576 1486 617 includunt
1508 575 1586 616 sese
1607 575 1696 616 He·

1010 636 1171 685 melete,
1190 637 1229 676 δε
1264 635 1365 692 juga
1386 634 1536 675 montis
1580 634 1694 675 OEtae

1011 703 1234 748 occupant,
1272 696 1335 734 16.
1369 694 1597 743 caeduntur,
1626 697 1693 736 18.

1009 753 1222 794 Heracleae
1239 751 1488 804 obsidentur,
1513 763 1581 794 22.
1605 765 1696 806 per-

1011 811 1182 854 mittunt
1203 811 1241 851 se
1264 811 1307 851 in
1339 809 1463 851 fidem
1482 811 1696 852 Romano-

1013 884 1120 920 rum,
1147 872 1185 912 &
1209 869 1399 925 gravibus
1421 869 1596 911 consulis
1619 869 1695 910 im-

1011 929 1134 985 periis
1157 928 1294 971 rursus
1330 929 1381 969 ad
1416 928 1569 969 bellum
1592 928 1694 968 inci-

1010 998 1164 1038 tantur,
1189 991 1258 1029 28.
1281 1000 1353 1041 29.
1371 986 1508 1028 obsessi
1531 988 1572 1028 in
1595 985 1695 1027 urbe

1011 1046 1233 1102 Naupa&o
1249 1047 1468 1101 implorant
1489 1060 1611 1102 opem
1639 1045 1695 1085 T.

1011 1105 1190 1160 Quintil,
1214 1119 1285 1161 34.
1322 1105 1543 1160 impetrant
1574 1105 1697 1146 indu-

1013 1165 1114 1217 cias,
1144 1166 1182 1206 ὅ(
1207 1165 1362 1220 legatos
1398 1163 1571 1205 mittunt
1603 1163 1695 1204 Ro-

1009 1236 1134 1271 mam,
1162 1232 1233 1278 35.

1070 1282 1129 1324 Hi
1151 1280 1307 1322 infe&a
1338 1295 1438 1336 pace
1479 1279 1695 1321 dimittun-

1008 1348 1091 1390 tur,
1117 1340 1294 1382 xxxvii.
1337 1354 1371 1381 1.
1406 1339 1538 1380 AEtoli
1571 1352 1697 1380 occu-

1012 1410 1112 1452 pant
1132 1409 1320 1440 montem
1342 1398 1557 1447 Coracem,
1571 1397 1696 1448 4.im-

1009 1467 1170 1511 petrant
1203 1473 1224 1498 a
1244 1456 1410 1497 consule
1428 1456 1480 1497 L.
1502 1455 1697 1511 Scipione

1009 1515 1195 1558 inducias
1212 1516 1284 1557 sex
1310 1515 1525 1564 menfium,
1549 1527 1590 1568 7.
1612 1529 1696 1569 pax

1009 1575 1229 1617 convenire
1250 1589 1335 1616 non
1357 1572 1502 1629 potest,
1519 1587 1595 1627 49.
1633 1573 1697 1614 in,

1010 1632 1152 1675 ferunt
1205 1635 1361 1676 bellum
1403 1631 1599 1687 Dolopiae
1651 1633 1693 1672 &

1009 1693 1289 1746 Athamaniae,
1330 1692 1418 1733 ibid.
1445 1691 1497 1733 Εἴ
1522 1690 1694 1732 xxxviii.

1011 1763 1049 1792 1.

1067 1823 1210 1863 pacem
1231 1817 1379 1865 petunt
1396 1810 1424 1849 ‘a
1458 1808 1525 1850 M.
1548 1807 1695 1849 Fulvio

1010 1867 1192 1919 consule,
1236 1868 1427 1909 xxxviii.
1451 1871 1489 1909 8.
1506 1866 1696 1923 'Legatos

1007 1927 1178 1974 mittunt
1221 1928 1419 1978 Romam,
1462 1940 1525 1966 10.
1562 1926 1694 1982 Leges

1008 1985 1119 2041 pacis
1137 2001 1232 2027 cum
1250 1986 1417 2036 AEtolis‚
1442 1998 1455 2025 1
1470 1997 1484 2025 1
1497 2013 1508 2024 .

1067 2046 1118 2086 de
1141 2046 1188 2087 iis
1210 2045 1438 2101 triumphat
1460 2045 1527 2090 M.
1551 2041 1693 2086 Fulvi-

1009 2118 1072 2153 us,
1094 2105 1235 2145 xxxix,
1261 2118 1301 2160 5.

1066 2176 1210 2205 eorum
1247 2161 1406 2204 mutuis
1430 2161 1614 2203 caedibus
1649 2161 1692 2201 in

1008 2221 1242 2279 semctipsos
1282 2221 1418 2262 versus
1456 2220 1587 2271 furor,
1624 2220 1696 2267 xli,

1036 2297 1075 2325 o.

1007 2297 1028 2338 3
1065 2355 1208 2381 eorum
1221 2337 1441 2381 discordias
1455 2336 1559 2392 sopit
1575 2337 1692 2379 Mar-

1006 2400 1151 2450 cellus,
1175 2399 1262 2440 xlii.
1287 2411 1325 2452 5.

1063 2457 1196 2498 AEtoli
1234 2463 1457 2505 occurrunt
1501 2454 1696 2497 sordidati

1004 2516 1054 2558 L.
1098 2515 1270 2558 AEmilio
1298 2515 1458 2566 Paullo,
1500 2516 1580 2558 xlv.
1623 2520 1691 2558 28.

1005 2589 1149 2615 eorum
1166 2574 1344 2629 qucrelae
1361 2574 1411 2613 de
1435 2573 1690 2629 principibus

1007 2633 1085 2676 suis
1101 2633 1344 2684 interfectis,
1367 2632 1495 2674 autin
1517 2633 1687 2674 exilium

1586 2691 1689 2733 aslis
