1804 3121
418 277 641 321 LIBER
687 275 845 321 XLIV.
896 276 1056 319 CAP.
1088 277 1168 321 IV.
1597 293 1675 337 145

113 397 276 452 postero
295 397 361 439 die
393 395 546 451 septem
579 396 706 437 millia
743 396 950 453 progreffi,
982 397 1146 438 tumulo
1177 395 1289 437 haud
1311 397 1457 450 procul

113 456 291 498 hostium
310 455 449 498 castris
463 459 526 510 (3)
541 467 678 511 capto,
699 457 900 497 nuncium
915 456 967 497 ad
979 455 1192 497 consulem
1210 454 1427 496 remittunt
1446 471 1457 497 :

103 524 337 570 perventum
358 515 410 556 ad
427 515 556 570 hostem
573 517 650 572 effi’,
681 515 750 555 loco
764 516 810 569 st·
839 524 919 556 tuto
941 515 994 557 ἑῇ*
1025 514 1078 555 ad
1105 515 1227 556 omnia
1256 522 1456 570 opportuno

109 574 292 631 constdgffi’
306 597 320 621 ,-
360 583 416 624 ut,
453 585 638 628 quantum
657 577 683 626 -1-
702 575 894 615 extendere
924 576 997 614 iter
1021 574 1143 631 pfft,
1165 573 1454 629 consequeretur.

110 632 300 675 Sollicito
324 633 498 683 consuli,
519 636 559 676 &
578 643 745 688 propter
760 632 918 675 itineris
935 632 1237 683 difficultatem,
1259 633 1372 687 quod
1393 632 1458 672 in-

109 692 262 747 greffus
285 702 387 744 erat,
413 695 452 734 &
485 706 629 732 eorum
659 693 806 742 vicem,
845 707 951 747 quos
983 706 1137 746 paucos
1177 691 1284 732 inter
1320 690 1458 732 media

109 751 293 804 praefidia
315 752 493 792 hostium
518 751 779 806 praemiserat,
803 751 979 792 nuncius
1001 752 1052 791 ad
1077 751 1324 792 Ascuridem
1339 752 1458 805 palu-

109 809 206 850 dem
223 811 416 852 occurrit.
454 811 607 852 Addita
629 810 754 866 igitur
777 813 819 852 δε
842 811 913 866 ipsi
932 810 1085 851 fiducia
1107 810 1181 861 est,
1203 809 1458 865 conjuncPtis—

112 883 194 923 que
218 870 366 925 copiis,
389 869 515 911 castra
535 871 711 919 tumulo,
749 869 820 923 qui
843 869 1075 919 tenebatur,
1105 870 1185 924 qu&
1207 868 1458 923 aptissimum

110 929 162 968 ad
184 929 264 970 loci
286 940 475 970 naturam
492 939 595 981 erat,
618 930 711 969 sunt
728 930 940 970 acclinata.
1002 928 1102 969 Non
1126 928 1304 970 hostium
1328 926 1455 968 modo

109 987 256 1038 castra,
276 1003 369 1042 quae
391 989 529 1043 paullo
553 990 644 1043 plus
665 987 777 1027 mille
809 988 995 1044 paffuum
1027 987 1210 1037 aberant,
1232 988 1296 1027 sed
1319 986 1457 1028 omnis

110 1049 223 1101 regio
246 1049 296 1088 ad
317 1048 451 1089 Dium
482 1050 519 1088 &
543 1047 723 1099 Philam,
760 1062 915 1101 oraque
949 1047 1088 1096 maris,
1119 1046 1198 1086 late
1222 1055 1386 1101 patente
1403 1059 1456 1085 ex

110 1115 196 1146 tam
233 1108 317 1147 alto
346 1107 452 1163 jugo
487 1105 724 1162 prospechx,
765 1107 894 1148 oculis
916 1110 945 1155 ‘ll
968 1106 1196 1162 subjicitur.
1259 1105 1369 1161 Quae
1390 1118 1456 1145 res

109 1165 299 1207 accendit
320 1166 442 1206 militi
464 1166 638 1216 animos,
660 1165 879 1220 postquam
902 1165 1104 1205 summam
1124 1164 1236 1215 belli,
1256 1179 1302 1204 ac
1323 1164 1456 1220 regias

109 1237 254 1266 omnes
275 1224 430 1279 copias,
460 1234 694 1278 terramque
716 1225 906 1265 hostilem
931 1235 1016 1264 tam
1039 1239 1061 1264 e
1099 1223 1335 1279 propinquo
1356 1238 1457 1264 con-

112 1282 345 1337 spexerunt.
391 1284 536 1338 Itaque
560 1297 690 1337 quum
713 1286 880 1333 alacres,
903 1284 1090 1339 protinus
1113 1284 1282 1323 duceret
1304 1283 1354 1322 ad
1372 1281 1459 1322 cas-

109 1352 173 1382 tra
195 1342 388 1392 hostium,
410 1342 619 1383 consulem
631 1342 920 1392 hortarentur3
955 1344 1041 1383 dies
1064 1357 1172 1382 unus
1194 1341 1300 1382 feffis
1317 1340 1456 1381 labore

112 1400 188 1441 viae
211 1403 262 1442 ad
284 1403 466 1456 quietem
498 1403 617 1442 datus
640 1401 710 1441 est.
748 1402 869 1442 tertio
905 1401 987 1450 die,
1023 1412 1138 1455 parte
1167 1401 1381 1454 copiarum
1403 1400 1456 1440 ad

111 1460 346 1514 praefidium
369 1461 597 1501 castrorum
620 1459 778 1509 reneca,
800 1460 943 1500 consul
964 1460 1015 1499 ad
1036 1459 1195 1499 hostem
1214 1459 1347 1500 ducit.

169 1519 253 1560 IV.
285 1519 462 1574 Hippias
492 1533 623 1573 nuper
645 1520 696 1558 ad
718 1519 923 1559 tuendum
946 1517 1092 1558 saltum
1115 1518 1164 1558 ab
1196 1532 1291 1574 rege
1314 1518 1455 1560 miffus

108 1587 222 1619 erat:
245 1578 332 1633 qui,
349 1593 399 1618 ex
415 1593 501 1633 quo
514 1577 642 1619 castra
661 1578 853 1618 Romana
869 1577 911 1617 in
931 1578 1094 1617 tumulo
1108 1577 1334 1632 conspexit,
1350 1593 1456 1633 prae-

109 1637 261 1691 paratis
289 1638 339 1678 ad
373 1648 580 1678 certamen
602 1637 748 1678 animis
771 1637 956 1685 suorum,
978 1637 1161 1677 venienti
1178 1637 1335 1692 agmini
1356 1652 1456 1678 con·
1471 1671 1499 1701 L
1518 1673 1552 1701 U.

109 1695 204 1738 sulis
219 1696 363 1738 obvius
383 1696 488 1738 fuit:
522 1700 558 1737 8<
575 1696 757 1737 Romani
779 1696 961 1751 expediti
977 1697 1026 1736 ad
1049 1710 1233 1750 pugnam
1256 1696 1455 1746 exierant,
1470 1684 1515 1748 HJ
1529 1680 1666 1749 ζέω

112 1757 152 1796 &
180 1756 327 1797 hostes.
352 1756 451 1797 levis
482 1769 690 1797 armatura
722 1766 831 1806 erat,
873 1755 1218 1810 promptissimum
1250 1769 1381 1811 genus
1403 1759 1454 1797 ad
1472 1765 1630 1796 Mamm·-

111 1819 128 1865 Η
155 1814 427 1856 laceffendum
465 1825 687 1856 certamen.
748 1814 958 1870 Congressi
991 1815 1116 1870 igitur
1138 1817 1354 1870 extemplo
1372 1817 1455 1857 tela
1469 1811 1529 1841 ⁶²³5·

107 1875 387 1929 conjecerunt.
414 1876 545 1915 multa
578 1874 772 1928 utrinque
792 1876 961 1914 vulnera
984 1873 1203 1914 temerario
1226 1873 1392 1915 incursu
1410 1878 1455 1918 &

108 1944 292 1988 accepta,
319 1936 357 1975 8<
377 1934 512 1975 illata:
545 1934 666 1988 pauci
684 1932 896 1988 utriusque
920 1933 1046 1988 partis
1069 1933 1322 1974 ceciderunt.
1356 1934 1454 1976 Irri-

109 1994 204 2033 tatis
228 1992 269 2032 in
293 1993 501 2047 posterum
525 1994 635 2033 diem
659 1990 821 2042 animis,
841 1993 1065 2048 majoribus
1087 1992 1217 2046 copiis
1246 2003 1369 2047 atque
1389 1993 1454 2033 in-

109 2049 252 2092 festius
279 2052 526 2093 concursum
550 2051 599 2092 ab
617 2051 696 2093 illis
718 2055 795 2107 (1),
829 2051 855 2092 fi
878 2052 958 2093 loci
977 2051 1070 2092 satis
1093 2053 1142 2091 ad
1163 2053 1453 2107 explicandam

110 2109 243 2150 aciem
285 2109 447 2152 fuiffet:
488 2112 640 2167 jugum
683 2110 850 2160 montis,
893 2110 936 2150 in
975 2110 1195 2166 angustum
1231 2117 1257 2165 †
1285 2112 1452 2153 dorsum

107 2172 132 2221 ss
152 2179 390 2218 cuneatum,
427 2170 497 2211 vix
527 2169 653 2210 ternis
696 2169 910 2211 ordinibus
943 2180 1198 2210 armatorum
1236 2170 1279 2210 in
1316 2170 1454 2212 fronte

108 2228 256 2282 patuit.
321 2229 479 2283 Itaque,
522 2229 662 2284 paucis
694 2229 992 2285 pugnantibus,
1034 2239 1170 2270 cetera
1210 2230 1455 2280 multitudo,

106 2286 316 2342 praecipue
343 2288 414 2342 qui
432 2289 618 2343 gravium
641 2303 850 2329 armorum
873 2299 1004 2340 erant,
1027 2288 1277 2342 spe&atores
1303 2302 1456 2344 pugnae

108 2345 281 2388 stabant.
304 2347 405 2388 levis
441 2359 648 2388 armatura
678 2348 803 2388 etiam
831 2361 904 2402 per
929 2353 944 2399 Η
982 2346 1212 2389 amfractus
1236 2348 1328 2403 jugi
1357 2362 1453 2402 pro-

109 2417 294 2458 currere,
347 2408 386 2446 &
430 2405 480 2446 ab
522 2405 717 2447 lateribus
759 2421 856 2447 cum
893 2407 971 2447 levi
1010 2406 1218 2448 armatur&
1267 2406 1454 2446 consere-

111 2475 154 2504 re
177 2466 255 2517 (2),
292 2474 366 2519 per
399 2464 541 2520 iniqua
583 2475 707 2520 atque
738 2480 858 2520 aequa
879 2467 969 2507 loca
1002 2478 1186 2520 pugnam
1215 2474 1367 2519 petere.
1390 2479 1453 2514 ae,

172 2521 296 2566 ΤοΜ.
331 2522 426 2563 VII.
795 2525 832 2565 L
1264 2522 1452 2578 pluribus

114 2642 234 2675 midae.
278 2643 392 2685 ltaque
409 2643 506 2675 turris
521 2642 640 2687 ευΣιεξου
655 2642 745 2674 dieta
762 2642 862 2674 fuerit
879 2643 920 2675 ab
938 2642 1127 2675 amoenitate
1146 2642 1178 2674 8<
1193 2643 1338 2675 bonitate
1355 2653 1452 2685 aqua-

112 2698 199 2720 rum.
249 2690 284 2720 In
311 2689 504 2721 Didascaliis
538 2689 768 2721 comoediarum
797 2690 946 2721 Terentii
979 2689 1093 2732 passlm
1128 2691 1237 2721 Graeca
1269 2691 1453 2724 Menandru,

58 2763 60 2768 ,
112 2737 221 2768 Graeca
239 2737 436 2778 Appollodoru
453 2735 608 2767 occurrit.
657 2734 713 2776 (3)
741 2736 853 2767 Castra
881 2735 939 2767 illa.
955 2735 1094 2767 hostium
1110 2734 1258 2778 intellige
1275 2734 1451 2778 praefidium

113 2781 355 2820 Macedonum,
372 2781 423 2813 cui
441 2792 582 2824 praeerat
603 2781 746 2822 Hippias
762 2795 770 2818 ς
796 2791 831 2813 ut
845 2790 935 2824 patet
951 2791 991 2814 ex
1008 2792 1076 2824 cap.
1092 2781 1156 2823 seq.

158 2828 196 2860 C.
212 2837 243 2868 4.
266 2828 323 2869 (1)
349 2827 542 2872 Legeudum
569 2827 706 2861 videtur
736 2829 943 2872 cancarrg'ffenn
990 2829 1047 2873 (π)
1080 2826 1237 2862 Excidiffe
1251 2823 1451 2903 νοςεηὶῖνῑζᾷ

1380 2877 1420 2902 oc.
1439 2881 1448 2900 ι
