1804 3121
114 246 197 287 124

119 890 238 923 Senatbs
252 904 297 922 re-

109 938 258 981 sponsum.

131 1862 271 1894 Lucretius

128 1911 291 1940 damnatur.

810 215 813 218 ’
868 232 920 274 T.
967 231 1164 273 L1V11

336 350 451 392 turbd
472 348 625 390 nauticd
643 348 705 404 ff
717 371 731 396 ,·
766 348 913 403 versari
933 348 1032 388 inter
1057 349 1109 401 fh,
1129 349 1312 403 conjuges,
1333 347 1527 403 libercffque
1542 347 1650 403 filos,

336 410 467 465 quibus
483 408 578 448 nihil
596 422 708 461 neque
727 407 845 447 dicere
861 411 885 457 4
899 406 1000 461 petfi
1018 408 1030 458 (
1038 411 1094 461 5),
1110 422 1222 461 neque
1224 407 1371 463 facere.

395 467 511 508 VIII.
545 465 667 522 (X.)
701 465 904 505 Arceffere
939 464 980 504 in
1010 464 1193 505 senatum
1224 465 1462 507 Lucretium
1485 462 1654 519 placuit,

337 536 383 568 ut
403 525 641 579 disceptaret
661 526 815 572 coram,
849 533 1122 577 purgaretque
1149 522 1241 564 sese.
1303 525 1501 566 Ceterum
1521 522 1654 563 multo

335 586 453 640 plura
473 583 645 638 praesens
667 582 834 629 audivit,
867 579 991 635 quhm
1026 581 1068 620 in
1097 580 1300 622 absentem
1329 589 1353 633 †
1369 582 1481 639 jaira
1511 589 1652 622 erant:

338 647 379 685 &
401 643 602 699 graviores
634 639 958 695 potentioresque
990 640 1182 680 accessere
1203 640 1452 681 accusatores
1473 640 1555 680 duo
1585 637 1656 679 tri-

336 701 437 742 buni
459 700 602 755 plebis,
623 705 648 751 †
667 699 742 739 Μ’.
763 698 978 751 Juventius
1000 698 1162 738 Thalna
1186 700 1224 739 8<
1247 699 1326 740 Cn.
1350 698 1557 740 Aufidius.
1618 695 1653 736 li

339 774 422 801 non
454 760 495 800 in
517 759 656 799 senatu
678 756 802 798 modo
839 770 934 796 eum
968 758 1213 808 lacerarunt,
1246 757 1311 798 sed
1343 757 1385 797 in
1413 756 1656 798 concionem

339 819 460 859 etiam
482 815 687 872 pertraGto
709 819 786 871 (r),
825 815 964 856 multis
994 815 1167 871 objeelis
1195 815 1370 870 probris,
1401 815 1510 855 diem
1541 814 1655 854 dixe-

339 887 448 918 runt.
509 871 683 915 Senatus
714 874 820 929 juss'u
841 873 1173 915 Chalcidensibus
1213 874 1287 931 Q
1304 873 1486 915 Maenius
1507 882 1658 927 praetor

340 934 571 990 respondit:
605 932 706 988 ,4231ae
727 933 810 972 bene
840 934 986 973 meritos
1006 933 1094 988 sese,
1131 932 1183 976 δῖ
1204 932 1309 983 autb,
1340 932 1392 975 ξδ’
1421 933 1460 972 in
1489 946 1526 971 eo
1554 930 1658 983 bello,

341 994 437 1050 quod
451 1000 628 1047 geratur,
649 991 691 1030 de
705 991 836 1046 populo
857 990 1025 1031 Romano
1045 991 1186 1041 dicant,
1208 1007 1250 1031 ea
1275 991 1328 1034 ξεῖ
1345 992 1446 1045 scire
1476 1004 1572 1030 vera
1603 1003 1659 1029 eos

343 1053 485 1109 raefi’rre
510 1052 704 1105 senatum,
748 1050 812 1099 &,
845 1050 999 1102 perinde
1019 1065 1063 1089 ac
1082 1050 1247 1099 debeant,
1280 1058 1403 1101 grata
1423 1048 1497 1105 effi’.
1559 1046 1662 1103 Qtae

329 1112 445 1169 fac‘i'a
466 1126 488 1149 α
521 1110 565 1149 C.
589 1108 781 1159 Lucretio,
799 1107 964 1163 fierique
984 1109 1028 1147 ab
1048 1108 1101 1148 L.
1129 1106 1321 1162 Hortensio
1345 1107 1563 1162 praetoribus
1579 1105 1661 1146 Ro-

344 1170 464 1209 manis
484 1175 692 1222 querantur
710 1188 723 1211 ,-
758 1182 799 1205 ea
821 1182 931 1220 neque
937 1166 1068 1222 suffla,
1107 1181 1219 1220 neque
1235 1166 1332 1221 fieri
1352 1166 1540 1206 voluntate
1547 1165 1662 1220 sena-

343 1230 420 1275 tds,
454 1230 516 1281 (2)
532 1241 636 1280 quem
655 1240 722 1264 non
737 1225 828 1281 pff
847 1225 1053 1281 exssimare
1068 1227 1088 1262 ?
1119 1226 1183 1278 qui
1185 1224 1300 1279 sciat,
1323 1224 1453 1264 bellum
1471 1221 1588 1278 Perfi,
1609 1222 1663 1264 ὦ*

342 1285 433 1326 anti>
471 1285 643 1340 Philippo
666 1286 780 1339 patri
811 1285 904 1339 ejus,
945 1282 1102 1339 intulzffi‘
1127 1283 1304 1336 populum
1340 1283 1552 1323 Romanum
1583 1295 1663 1336 pro

344 1346 514 1385 libertate
538 1343 688 1383 Graeciae
703 1360 715 1381 .-
748 1357 816 1381 non
849 1351 889 1381 ut
920 1344 984 1396 (3)
1004 1357 1046 1381 ea
1066 1356 1089 1379 α
1120 1341 1394 1398 magstratibus
1409 1341 1522 1395 sociis
1555 1348 1666 1397 atque

344 1403 474 1443 amicis
499 1409 736 1455 paterentur.
795 1399 951 1439 Literas
971 1400 1015 1451 se
1052 1398 1103 1439 ad
1128 1398 1183 1439 L.
1208 1399 1445 1456 Horterfium
1471 1406 1666 1454 praetorem

346 1461 498 1502 daturos
517 1459 579 1515 ff*
593 1481 607 1505 ;
640 1473 717 1512 quae
750 1457 1001 1512 Chalcidenses
1020 1465 1228 1511 querantur
1248 1462 1350 1511 αὲἳα,
1371 1473 1413 1499 ea
1421 1456 1575 1513 senatui-
1594 1470 1666 1497 non

343 1520 490 1574 placere
505 1536 517 1558 :
542 1516 583 1572 fi
602 1518 665 1571 qui
679 1517 718 1555 in
733 1515 959 1570 servitutem
996 1515 1101 1555 liberi
1134 1516 1322 1572 veniffent,
1358 1524 1400 1556 ut
1433 1530 1489 1556 eos
1520 1516 1668 1571 conqui-

350 1577 481 1617 rendos
493 1578 615 1631 primo
635 1590 771 1629 quoque
789 1582 961 1629 tempore,
983 1573 1278 1630 rqstituendosque
1307 1576 1346 1614 in
1366 1575 1570 1615 libertatem
1602 1589 1669 1614 cu-

351 1644 483 1676 raret.-
519 1635 702 1689 sociorum
739 1634 934 1672 navalium
974 1633 1168 1680 neminem,
1187 1640 1326 1685 praeter
1344 1637 1369 1685 ,ι
1389 1632 1592 1687 magistros,
1626 1633 1669 1672 in

351 1694 500 1749 hospitia
517 1692 644 1732 deduci
664 1707 804 1745 aequum
825 1705 887 1730 cen
903 1706 974 1730 ere.
1034 1689 1138 1730 Haec
1155 1690 1373 1732 Hortenfio
1383 1691 1489 1747 juffu
1506 1689 1670 1732 senariis

351 1753 510 1806 scripta.
543 1751 721 1790 Munera
741 1747 885 1790 binum
907 1747 1081 1788 millium
1102 1748 1191 1789 aeris
1212 1750 1355 1805 legatis
1377 1749 1503 1799 missa,
1535 1751 1576 1790 ἅτ
1600 1762 1670 1790 ve-

351 1811 488 1852 hicula
524 1807 719 1850 Miffioni
741 1812 765 1860 †
785 1806 946 1862 publice
979 1809 1040 1861 (4)
1062 1808 1209 1858 locata,
1241 1822 1335 1862 quae
1364 1822 1459 1849 eum
1489 1806 1671 1848 Brundi-

352 1869 455 1910 smm
497 1865 710 1909 commode
738 1867 1018 1920 perveherent.
1080 1864 1129 1905 C.
1170 1865 1426 1915 Lucretium,
1467 1864 1538 1906 ubi
1568 1865 1676 1919 dies,

353 1942 445 1983 quae
468 1925 579 1967 dista
609 1934 710 1975 erat,
747 1924 875 1976 venit,
913 1922 1066 1963 tribuni
1097 1924 1147 1963 ad
1178 1926 1378 1979 populum
1409 1924 1668 1973 accusarunt,

355 1993 373 2038 Η
413 1984 693 2037 τηυίἃαπιςυε
734 1983 869 2024 decies
907 1993 1074 2022 centum
1116 1981 1291 2022 millium
1332 1983 1423 2024 aeris
1463 1982 1670 2023 dixerunt.

353 2043 544 2087 Comitiis
576 2041 739 2092 habitis,
781 2054 923 2082 omnes
945 2039 1126 2096 quinque
1166 2043 1203 2082 3<
1239 2041 1404 2098 triginta
1426 2040 1554 2083 tribus
1574 2053 1673 2082 eum

351 2103 694 2147 condemnarunt.

411 2161 486 2204 1X.
519 2159 545 2214 (
549 2160 600 2200 X
601 2159 632 2199 I.
639 2162 664 2216 )
695 2159 743 2198 In
765 2157 985 2213 Liguribus
998 2172 1049 2200 eo
1063 2172 1171 2200 anno
1187 2158 1288 2200 nihil
1307 2157 1572 2199 memorabile
1587 2157 1676 2214 ges-

354 2230 457 2262 tum.
498 2232 592 2258 nam
614 2230 688 2257 nec
717 2216 852 2258 hostes
885 2227 1100 2258 moverunt
1131 2232 1256 2266 arma,
1290 2230 1422 2272 neque
1455 2215 1596 2257 consul
1630 2215 1675 2256 in

357 2291 501 2334 agrum
532 2289 674 2317 eorum
704 2275 882 2329 legiones
915 2276 1106 2318 induxit:
1139 2278 1196 2325 &,
1226 2274 1319 2315 satis
1347 2274 1556 2328 explorat&
1577 2287 1676 2329 pace

357 2338 446 2394 ejus
468 2335 578 2386 anni,
607 2333 756 2374 milites
791 2334 964 2375 duarum
998 2333 1208 2391 legionum
1248 2333 1531 2374 Romanarum
1570 2332 1677 2373 intra

1590 2390 1677 2433 dies

359 2512 463 2554 spolia
480 2518 684 2544 contraxerat
702 2507 867 2551 sacrilegia
882 2508 1128 2543 committendo.
1175 2509 1364 2542 Gronovius
1386 2507 1522 2553 corrigit
1538 2509 1679 2553 spoliaque

350 2560 511 2600 sacrilegii.
559 2559 616 2599 (5)
625 2555 780 2588 Excidiffe
791 2555 922 2587 videtur
937 2555 1056 2588 vocula
1067 2558 1123 2600 sit.

408 2604 445 2634 C.
465 2603 494 2634 8.
541 2605 598 2645 (ι)
621 2601 710 2633 ῐηῖτέ
726 2601 747 2632 l.
764 2610 817 2640 45.
833 2611 859 2632 c.
890 2610 940 2632 ιο.
963 2604 992 2632 iri
1008 2605 1159 2633 concionem
1172 2613 1275 2643 quoque
1290 2614 1332 2633 eos
1355 2602 1450 2633 iisdem
1466 2600 1598 2643 precibus
1608 2606 1679 2642 per-

362 2654 523 2678 traxerunt.
568 2648 625 2688 (2)
640 2647 718 2678 vid.
737 2648 756 2687 4
768 2645 897 2678 infinita
909 2645 1042 2679 locutio.
1089 2647 1146 2688 (3)
1170 2647 1248 2677 Non
1263 2654 1301 2678 ut
1314 2645 1418 2679 Graeci
1433 2644 1512 2677 talia
1527 2652 1678 2687 pateren-

363 2700 418 2724 tur
431 2703 449 2723 a
462 2692 710 2734 magistratibus,
721 2691 811 2724 sociis
827 2699 926 2737 atque
942 2691 1063 2724 amicis.
1110 2691 1172 2724 Sed
1185 2690 1320 2723 omnino
1332 2689 1534 2723 admittenda
1549 2689 1681 2724 videtur

364 2737 526 2768 Gronovii
544 2738 732 2779 conjectura
744 2737 882 2780 legentis
895 2738 972 2780 ficii
983 2744 1071 2775 atque
1079 2739 1175 2768 amici.
1194 2734 1389 2777 (43Public5
1405 2734 1522 2781 populi
1537 2735 1687 2772 Romani.

364 2782 509 2826 impensa
525 2783 674 2826 prtcbitaa
684 2791 773 2816 certo
788 2782 895 2825 pretio
912 2781 1174 2827 redemptoribus
1187 2780 1353 2824 condicto,
