1835 3121
73 203 154 261 196

72 1602 188 1645 „Perseia
204 1614 251 1632 ca-

71 1649 225 1687 ductatores

72 1693 206 1726 mittitad
216 1693 274 1734 qu.

791 194 845 238 Τ.
896 195 1108 237 LIVII

293 311 322 360 li
344 314 423 366 (1),
456 310 671 366 adoptione
697 310 884 352 Africani
900 326 1040 365 nepos.
1103 313 1158 363 Is,
1177 311 1601 367 septimumdecimum

293 379 394 412 tunc
433 383 586 410 annum
617 383 755 425 agens,
787 371 897 424 quod
938 370 1069 423 ipsum
1103 385 1244 410 curam
1286 372 1472 426 augebat,
1503 372 1604 410 dum

294 426 419 469 effuse
436 428 617 482 sequitur
632 428 782 479 hostes,
814 428 855 467 in
870 439 1026 482 partem
1048 429 1168 471 aliam
1186 427 1301 473 turba
1318 429 1474 471 ablatus
1490 439 1576 469 erat
1593 443 1605 475 ς

295 490 356 538 ἃ,
387 487 511 527 serius
538 500 666 541 quum
701 486 873 535 rediffet‚
905 496 1003 527 tunc
1040 487 1225 538 demum,
1256 498 1419 542 recepto
1460 486 1605 543 sospite

295 544 399 599 filio,
429 545 609 586 vifloriae
630 554 751 585 tantae
783 545 976 600 gaudium
1010 545 1149 586 consul
1184 546 1311 586 senfit.
1375 546 1609 600 Amphipo-

293 604 368 644 lim
389 618 519 658 quum
531 605 618 660 jam
633 603 742 644 fama
764 617 913 658 pugnae
929 604 1181 657 pervenisset,
1198 603 1499 658 concursusque
1520 604 1606 644 ma·
1637 609 1641 613 '

293 672 507 703 tronarum
527 663 570 702 in
590 663 790 716 templum
824 661 986 711 Dianae,
1017 676 1140 716 quam
1163 665 1227 716 (2)
1251 663 1516 716 Tauropolon
1537 675 1609 703 vo-

292 731 405 771 cant,
435 722 486 761 ad
508 734 628 776 opem
663 719 957 774 exposcendam
986 720 1128 769 fieret3
1161 720 1399 770 Diodorus‚'
1417 721 1487 777 qui
1509 733 1612 775 prae.-

293 789 380 820 erat
412 779 516 834 urbi,
549 788 751 831 metuens,
782 793 832 818 ne
867 779 1063 828 Thraces,
1096 793 1271 832 quorum
1302 780 1384 819 duo
1415 779 1541 819 millia
1567 779 1611 819 in

291 838 477 894 praefidio
498 847 627 886 erant,
659 836 801 877 urbem
823 837 865 876 in
887 838 1067 877 tumultu
1090 837 1325 892 diriperent,
1356 835 1407 876 ab
1427 841 1456 886 ἿῘ
1474 836 1614 878 subor-

292 900 391 938 'nato
419 896 468 936 ab
496 895 534 936 se
566 910 638 950 per
660 895 862 936 fallaciam
896 895 938 934 in
973 895 1168 936 tabellarii
1203 895 1375 950 speciem
1398 895 1533 936 literas
1567 895 1611 935 in

291 955 384 996 foro
408 955 544 994 medio
563 953 730 1007 accepit.
795 953 1002 1008 Scriptum
1039 954 1080 994 in
1114 954 1162 995 iis
1183 963 1284 1002 erat,
1314 953 1367 993 ad
1387 953 1610 1001 Emathiam

291 1014 432 1070 claſj'em
461 1013 670 1053 Romanam
691 1012 880 1065 appulsam
912 1013 987 1068 effi,
1015 1014 1188 1068 agrcffque
1207 1012 1308 1052 circ&
1330 1013 1478 1053 vexari.
1503 1027 1612 1052 orare

288 1072 481 1128 profifios
502 1070 705 1121 Emathiae,
727 1080 769 1110 ut
791 1070 999 1125 prffdium
1021 1070 1205 1111 adversbs
1217 1071 1450 1125 populatores
1466 1071 1605 1111 mittat.

296 1130 374 1170 His
410 1129 544 1181 Ιεᾶἰε,
587 1128 774 1181 hortatur
809 1128 1008 1179 Thracas,
1058 1138 1101 1169 ut
1129 1129 1180 1169 ad
1207 1129 1382 1169 tuendam
1422 1128 1611 1169 Emathiae

295 1204 398 1228 oram
423 1185 719 1244 profiois'catztur,
751 1203 924 1242 magnam
957 1203 1011 1228 eos
1041 1188 1168 1227 caedem
1194 1187 1445 1242 praedamque,
1468 1187 1611 1240 palatis

286 1245 422 1302 pqffim
451 1263 528 1303 per
567 1261 675 1301 agros
709 1246 906 1294 Romanis,
943 1247 1134 1302 faHuros.
1196 1247 1259 1300 (3)
1280 1245 1455 1299 Simul†
1483 1246 1613 1285 elevat

297 1305 648 1346 famam'adversae
670 1318 842 1359 pugnae:
874 1318 965 1358 quae
1006 1305 1032 1344 si
1074 1318 1167 1344 vera
1195 1303 1318 1353 foret,
1350 1303 1473 1344 alium
1495 1302 1613 1357 super

296 1363 421 1404 alium
444 1374 625 1405 recentes
646 1376 695 1403 ex
717 1363 812 1418 fuga
835 1373 1028 1403 venturos
1049 1361 1177 1402 fuiffe.
1239 1361 1318 1403 Per
1335 1362 1442 1403 hanc
1457 1366 1483 1414 †
1502 1360 1616 1402 caus-

295 1435 362 1462 am
392 1422 620 1463 Thracibus
640 1427 664 1474 †
686 1421 893 1476 ablegatis,
924 1422 1038 1469 fimul
1062 1419 1318 1477 transgreffos
1338 1434 1408 1463 eos
1428 1419 1616 1477 Strymo-

295 1494 391 1521 nem
413 1481 527 1529 vidit,
559 1489 696 1534 portas
717 1479 867 1520 claufit.

352 1539 488 1580 XLV.
519 1538 666 1579 Tertio
688 1537 752 1577 die
771 1537 954 1590 Perseus,
977 1536 1100 1591 quam
1123 1546 1351 1593 pugnatum
1373 1546 1474 1587 erat,
1507 1537 1612 1578 Am-

294 1597 494 1655 phipolim
529 1596 650 1638 venit.
673 1597 766 1635 inde
789 1605 967 1637 oratores
985 1611 1078 1637 cum
1100 1599 1123 1649 ‡
1151 1598 1330 1638 caduceo
1351 1596 1402 1635 ad
1423 1596 1614 1638 Paullum

294 1655 414 1706 misit,
476 1654 644 1696 Interim
668 1653 859 1709 Hippias,
892 1656 929 1696 &
952 1654 1076 1705 Milo,
1109 1657 1149 1696 δι
1192 1653 1471 1704 Pantauchus,
1502 1655 1615 1708 prin-

294 1715 405 1770 cipes
445 1715 672 1755 amicorum
709 1713 830 1767 regis,
862 1714 1070 1766 Beroeam,
1102 1710 1187 1767 quo
1210 1727 1263 1753 ex
1297 1712 1382 1753 acie
1414 1712 1615 1768 confuge-

293 1783 401 1826 rant,
433 1773 504 1828 ipfi
545 1773 595 1812 ad
630 1770 837 1812 consulem
873 1771 1062 1826 profeciti,
1096 1771 1297 1812 Romanis
1321 1771 1502 1811 dedunt:
1529 1770 1613 1811 'hoc

294 1827 404 1873 idem
426 1833 465 1872 &
488 1831 576 1872 aliae
608 1831 796 1883 deinceps
814 1833 882 1886 (1)'
908 1840 1021 1870 metu
1042 1830 1233 1884 perculsae
1248 1829 1443 1884 parabant
1463 1829 1613 1870 facere.

295 1890 465 1941 Consul,
498 1887 658 1930 nunciis
690 1887 872 1929 vietoriae
905 1889 979 1946 Q
999 1888 1123 1928 Fabio
1156 1889 1240 1930 filio
1278 1891 1318 1938 δι
1352 1887 1403 1927 L.
1434 1888 1615 1929 Lentulo

297 1953 339 1991 δι’
364 1948 612 2006 QMetello
634 1960 730 1987 cum
761 1946 885 1988 literis
913 1947 1092 1999 Romam
1128 1946 1263 1998 millis,
1297 1945 1421 2000 spolia
1443 1946 1618 2001 jacentis,

297 2007 476 2049 hostium
519 2004 723 2046 exercitus
775 2005 979 2058 peditibus
1025 2005 1242 2053 concessit;
1275 2003 1482 2058 equitibus
1513 2018 1616 2059 prae-

297 2068 394 2107 dam
425 2062 680 2120 cireumjeCH
717 2062 820 2118 agri,
836 2069 877 2117 .†
900 2065 999 2103 dum
1035 2078 1085 2104 ne
1106 2063 1281 2117 amplius
1302 2061 1459 2103 duabus
1481 2062 1615 2103 ηοᾶἰ-

297 2123 375 2165 bus
409 2138 432 2164 a
465 2123 603 2175 castris
635 2121 822 2162 abeffent.
885 2121 974 2176 Ipse
1010 2120 1178 2178 propius
1211 2135 1322 2162 mare
1344 2122 1394 2161 ad
1428 2121 1615 2177 Pydnam

1489 2179 1616 2231 castra

344 2345 382 2376 C.
399 2352 453 2380 44.
480 2341 496 2381 (
501 2343 534 2377 1)
552 2339 618 2371 Etfi
635 2350 674 2372 ex
690 2338 947 2382 praecedentibus
963 2337 1167 2381 intelligitur,
1187 2349 1263 2370 eum
1279 2339 1378 2381 filium
1392 2337 1497 2370 Paulli
1515 2337 1620 2380 fuiss'e,

298 2396 406 2421 tamen
405 2388 491 2430 filius
504 2385 581 2417 hinc
595 2386 649 2417 vix
664 2383 766 2416 abesse
784 2383 869 2425 poffe
888 2383 1029 2415 videtur.
1076 2386 1135 2424 (2)
1156 2384 1272 2415 Dianae
1289 2383 1349 2414 hoc
1367 2394 1546 2426 cognomen
1558 2386 1615 2417 ad-

297 2435 404 2469 ditum
418 2433 547 2468 volunt,
569 2431 620 2471 vel
641 2429 729 2472 quod
745 2429 834 2470 apud
847 2430 972 2461 Tauros
990 2428 1129 2472 Scythiae
1139 2429 1301 2471 populum
1317 2428 1454 2466 colatur,
1463 2429 1516 2461 vel
1526 2431 1617 2471 quod

297 2479 452 2522 gregibus
464 2489 527 2520 prae
534 2477 582 2518 fit,
606 2477 659 2508 vel
672 2474 761 2517 quod
779 2475 892 2510 eadem
909 2473 946 2506 fit
960 2485 1034 2506 cum
1050 2474 1158 2515 Luna,
1173 2485 1270 2516 quam
1285 2476 1386 2511 tauris
1397 2474 1472 2506 vehi
1488 2474 1617 2517 fingunt

298 2533 418 2566 poetae.
468 2522 671 2556 Taurabolium
685 2519 737 2551 vel
754 2519 972 2562 ‘Tauropolium‚
996 2520 1143 2561 sacrificii
1155 2531 1258 2563 genus
1271 2527 1484 2557 memoratur,
1505 2519 1539 2552 in
1556 2520 1617 2551 ho.

299 2580 415 2609 norem
445 2568 593 2610 CybeleS.
641 2572 653 2607 (
662 2568 699 2607 3)
722 2565 801 2596 Haec
838 2575 970 2606 quoque
999 2565 1123 2604 Italico,
1155 2567 1245 2607 quod
1272 2573 1402 2604 vocant,
1425 2565 1614 2597 charactere

299 2614 533 2656 imprimuntur
550 2613 583 2643 in
600 2613 743 2645 editione
774 2609 1102 2653 Drakenborchiana,
1123 2611 1192 2652 scd,
1213 2618 1250 2653 ut
1273 2610 1417 2649 videtur,
1435 2609 1612 2652 sphalmata:

299 2658 549 2701 typographico.
559 2659 597 2689 E.
1059 2692 1062 2694 v

346 2718 383 2758 C.
402 2727 458 2756 45.
486 2716 546 2758 (1)
571 2713 699 2747 Excidit
717 2723 780 2746 vox
803 2714 897 2756 urbes,
919 2712 971 2745 vel
1000 2715 1143 2753 civitaten
