1804 3121
423 247 458 287 L
475 246 494 287 1
512 246 545 286 B
563 246 596 288 E
614 245 656 287 R
692 244 830 288 XLII.
863 245 901 288 C
920 246 960 288 A
978 247 1023 288 Ρ.
1057 245 1210 288 XLIII.

130 361 237 402 effet-
270 362 320 402 ad
337 362 376 403 id
396 378 526 418 quum
550 364 766 406 necefl'aria
789 363 933 420 petitio
955 363 1217 404 induciarum
1239 362 1466 416 videretur,

69 474 71 477 ι
127 430 378 479 cuperetque
421 424 704 479 Marcius,(3)
735 437 869 478 neque
902 423 1013 463 aliud
1056 422 1262 477 colloquio
1293 422 1464 475 petisset,

127 483 144 533 ς
165 479 328 534 gravate
375 484 412 522 &
431 484 494 537 (4)
536 483 577 522 in
617 497 807 538 magnam
827 487 852 534 -1-
873 482 1045 537 gratiam
1067 482 1243 536 petentis
1260 481 1463 522 concessit.
1483 493 1616 524 Ιηᾱιιςῑι,

127 538 231 578 nihil
253 540 364 580 enirn
382 540 474 581 satis
492 552 680 596 paratum
703 542 753 582 ad
775 542 931 582 bellum
962 541 1004 580 in
1029 540 1242 595 praesentia
1258 538 1466 580 habebant

128 596 327 649 Romani,
360 614 444 640 non
467 601 710 650 exercitum,
744 615 828 642 non
850 601 1024 641 ducem:
1057 614 1191 655 quum
1214 598 1384 640 Perseus
1406 597 1466 652 (ni

126 654 214 709 spes
237 671 339 698 vana
362 659 473 713 pacis
495 663 521 712 4
542 661 774 701 occaecaffet
793 663 856 714 (5)
879 659 1060 715 consilia)
1081 659 1219 699 omnia
1241 666 1467 713 praeparata

125 723 250 769 atque
282 717 482 758 instructa
518 718 701 769 haberet,
738 722 776 760 8<
815 725 830 770 Η
851 717 922 758 suo
962 715 1143 760 maxime
1184 727 1368 772 tempore
1406 726 1467 756 at-

128 777 245 827 quess
277 776 410 817 alieno
448 777 631 818 hostibus
670 777 850 832 incipere
890 778 1042 818 bellum
1082 777 1222 832 poffet.
1286 774 1354 816 Ab
1386 774 1466 815 hoc

128 834 395 889 colloquio‚‡
437 835 518 877 fide
556 837 817 877 induciarum
852 836 1104 891 interposita,
1136 835 1259 891 legati
1283 834 1466 876 Romani

127 891 169 930 in
194 893 402 934 Boeotiam
425 896 650 950 comparati
668 898 730 950 (6)
767 896 872 938 sunt.
936 895 997 936 lbi
1015 896 1102 951 jam
1124 908 1263 941 motus
1285 903 1467 948 coeperat

127 950 221 1003 effe,
255 952 556 996 discedentibus
579 970 600 995 a
638 954 828 996 societate
858 955 1092 996 communis
1114 954 1277 995 concilii
1302 955 1466 994 Eoeoto-

127 1023 220 1050 r-um
254 1012 501 1066 quibusdam
530 1014 708 1069 populis,
740 1028 793 1056 ex
829 1030 912 1070 quo
950 1013 1240 1055 renunciatum
1272 1024 1370 1058 erat,
1405 1026 1468 1052 re-

127 1068 325 1123 spondisse
348 1074 502 1128 legatos
518 1078 604 1130 (7),
636 1075 934 1128 appariturum,
952 1073 1101 1128 quibus
1119 1072 1281 1127 populis
1303 1068 1466 1127 proprie

128 1127 365 1171 societatem
389 1146 483 1171 cum
503 1147 600 1188 rege
631 1133 752 1188 jungi
793 1133 1066 1188 displicuisset.
1099 1131 1229 1172 Primi
1251 1146 1273 1170 a
1295 1130 1467 1172 Chaero-

130 1187 209 1228 nea
229 1190 366 1245 legati,
401 1191 549 1231 deinde
585 1206 606 1231 a
637 1191 811 1241 Thebis,
843 1193 884 1232 in
907 1191 993 1246 ipso
1014 1191 1158 1232 itinere
1180 1200 1467 1240 occurrerunt,

130 1245 381 1290 affirmantes
404 1249 723 1290 noninterfuiffe
743 1250 794 1300 se,
809 1266 895 1306 quo
918 1251 1087 1292 societas
1103 1264 1148 1290 ea
1171 1250 1334 1294 decreta
1354 1249 1466 1298 effer,

132 1306 420 1362 concilioz.(8)
453 1308 558 1363 quis,
591 1309 731 1363 legati,
765 1312 878 1350 nullo
892 1310 937 1349 in
954 1309 1166 1365 prae-senria
1183 1308 1372 1362 responso
1394 1308 1467 1348 da-

130 1374 188 1415 to,
223 1366 468 1408 Chalcidem
508 1367 547 1408 se
589 1367 702 1421 sequi
731 1368 948 1423 jufferunt.
1009 1366 1164 1408 Thebis
1187 1380 1336 1421 magna
1366 1380 1468 1407 con-

129 1424 260 1464 tentio
300 1436 389 1466 orta
419 1436 505 1466 erat
540 1441 590 1466 ex
628 1427 707 1465 alio
745 1428 982 1467 certamine.
1045 1425 1237 1472 Comitiis
1262 1425 1466 1480 praetoriis

131 1482 378 1524 Boeotorum
402 1484 507 1524 vista
529 1498 639 1538 pars,
672 1484 865 1540 injuriam
905 1483 1169 1541 persequens,
1192 1483 1335 1525 coacta
1358 1486 1468 1525 mul-

128 1541 303 1582 titudine
340 1544 552 1584 decretum
590 1542 689 1583 fecit
716 1544 892 1597 Thebis,
924 1558 976 1585 ne
1011 1542 1273 1588 Boeotarchae
1295 1542 1466 1584 urbibus

128 1601 420 1656 reciperemur.
489 1601 659 1643 Exsules
702 1602 902 1659 Thespias
942 1602 1116 1644 universi
1159 1603 1467 1645 concesserunt:

129 1659 223 1700 inde
241 1661 412 1716 (recept-i
434 1661 545 1702 enim
569 1661 649 1702 {ine
681 1662 952 1704 -cunt‘iatione
986 1664 1127 1717 erant)
1163 1660 1346 1712 Thebas,
1378 1662 1468 1717 jam

131 1720 298 1760 mutatis
320 1721 484 1771 animis,
513 1720 696 1762 revocati
719 1723 932 1763 decretum
955 1720 1130 1770 faciunt,
1162 1731 1208 1761 ut
1229 1720 1467 1771 duodecim,

131 1778 202 1832 qui
224 1778 369 1833 privati
392 1791 550 1820 coetum
576 1782 615 1821 δι
641 1780 863 1822 concilium
901 1780 1148 1830 habuissent,
1179 1780 1315 1820 exsilio
1336 1781 1468 1828 mule.-

129 1847 328 1879 tarentur.
389 1840 536 1880 Novus
575 1839 723 1880 deinde
760 1852 910 1896 praetor
949 1839 1162 1893 (Ismenias
1199 1838 1233 1879 is
1272 1849 1373 1888 erat,
1405 1838 1467 1878 vir

130 1896 279 1938 nobilis
302 1912 348 1940 ac
371 1900 533 1953 potens)
573 1899 756 1952 capitalis
793 1913 933 1954 ‚poenae
970 1898 1154 1939 absentes
1195 1911 1266 1938 eos
1300 1899 1467 1939 decreto

127 1956 308 1996 damnat.
369 1957 611 2000 Chalcidem
649 1956 870 2014 fugerant:
901 1958 997 1998 inde
1020 1958 1071 1997 ad
1093 1957 1310 1997 Romanos
1331 1955 1467 1998 Laris..

129 2013 211 2054 sam
234 2014 427 2069 profeEti,
458 2022 484 2069 ψ
504 2016 668 2057 causam
685 2021 749 2073 (9)
785 2032 882 2059 cum
924 2015 1070 2057 Perseo
1114 2015 1313 2057 societatis
1345 2017 1387 2056 in
1409 2014 1466 2056 Is-

129 2074 310 2113 meniam
332 2077 604 2116 contulerant.
669 2077 732 2116 Ex
767 2076 1032 2118 contentione
1068 2086 1206 2115 ortum
1237 2084 1461 2118 certamen.

129 2132 342 2187 utriusque
364 2143 503 2175 tamen
525 2133 650 2188 partis
681 2136 804 2191 legati
847 2137 896 2176 ad
931 2136 1147 2175 Romanos
1168 2145 1385 2187 venerunt,
1418 2137 1463 2177 &c

128 2191 285 2233 exsules
308 2191 646 2248 accusatoresque
668 2194 871 2246 Ismeniae,
905 2197 943 2237 δι
962 2193 1158 2234 Ismenias
1175 2191 1272 2247 ipse.

1309 2251 1468 2296 XLIV,

129 2372 208 2403 dum
220 2372 272 2405 est.
296 2374 416 2407 Nullus
433 2375 550 2408 dubito
562 2375 643 2418 quin
659 2373 714 2407 hic
726 2373 844 2407 Livius
852 2378 1134 2418 praetermittendam
1151 2373 1290 2407 dederit.
1321 2370 1382 2414 (3)
1392 2369 1470 2402 Uti-

132 2428 209 2448 nam
227 2418 311 2451 hanc
326 2421 449 2452 Marcii
466 2421 683 2460 inhonestam,
698 2422 757 2453 sub
768 2420 874 2463 specie
888 2421 1018 2463 paterni
1036 2421 1183 2463 hospitii,
1199 2419 1348 2451 astutiam
1361 2427 1471 2459 repre·

133 2463 294 2496 hendiffet
322 2465 449 2498 Livius.
497 2469 561 2498 Sed
593 2467 659 2499 vid.
687 2475 757 2498 not.
788 2467 820 2498 8.
852 2468 894 2498 ad
912 2479 938 2497 c.
962 2477 1011 2499 10.
1030 2467 1052 2498 1.
1067 2477 1099 2507 9.
1116 2467 1227 2508 supra,
1251 2466 1283 2495 δε
1302 2470 1412 2502 not.5.
1427 2462 1470 2493 ad

124 2519 156 2540 t.
176 2508 227 2540 16.
245 2509 266 2540 l.
285 2510 338 2542 26.
355 2513 391 2542 E.
439 2512 497 2555 (4)
518 2514 567 2543 Ita
578 2521 614 2544 ut
631 2522 698 2549 rex,
723 2512 779 2553 qui
802 2512 935 2553 petebat
969 2512 1128 2549 inducias,
1150 2521 1303 2554 magnam
1327 2508 1470 2550 gratiam

130 2564 193 2596 pro
226 2554 264 2586 iis
293 2557 447 2589 concessis
476 2557 595 2590 debere
623 2558 807 2589 videretur.
856 2558 916 2599 (5)
936 2558 1078 2588 Dubitat
1106 2554 1400 2589 Drakenborchius
1426 2564 1469 2585 an

129 2603 301 2633 commode
317 2602 381 2633 dici
397 2603 502 2645 poffit,
515 2616 646 2635 occaecare
662 2604 784 2647 corfilia.
833 2602 936 2644 Igitur
949 2604 1000 2634 vel
1015 2603 1126 2634 locum
1140 2603 1186 2634 ita
1202 2600 1469 2644 distinguendum

131 2645 258 2678 censet:
283 2658 388 2689 quum
399 2650 533 2681 Perseus
557 2649 609 2690 (ni
625 2675 631 2682 .
651 2673 657 2680 .
673 2673 680 2680 .
694 2647 894 2689 occaecaffet)
911 2649 1028 2693 corfilia
1051 2651 1145 2679 omnia
1164 2650 1225 2681 ὅτε.
1242 2648 1294 2679 vel
1313 2645 1423 2689 potius
1436 2645 1471 2675 τὶ

129 2692 243 2735 corfilia
267 2697 534 2736 expungendum.
583 2695 642 2737 (6)
657 2696 732 2726 Hoc
745 2694 834 2725 haud
844 2694 945 2726 dubie
958 2695 1163 2727 mendosum.
1202 2697 1317 2726 Sensus
1329 2690 1469 2734 postulat

131 2739 210 2779 prff-
221 2741 261 2769 571·
275 2741 360 2781 sunt,
383 2748 439 2772 aut
473 2740 599 2783 aliquid
630 2740 743 2772 simile.
789 2739 846 2781 (7)
869 2741 946 2772 Vid.
975 2740 1074 2783 supra
1102 2751 1130 2771 c.
1164 2740 1217 2781 38.
1265 2739 1382 2781 (8)Τό
1406 2736 1468 2778 ᾳυΐε

134 2781 344 2817 referendum
358 2786 400 2820 est
417 2787 459 2819 ad
476 2785 664 2830 proximum
681 2789 756 2818 dato.
804 2786 863 2829 (9)
883 2787 956 2819 Hoc
972 2786 1017 2819 est
1043 2788 1128 2819 initae
1146 2797 1222 2819 cum
1241 2785 1381 2823 Persem
1399 2792 1471 2822 quae

1402 2836 1469 2858 vox

1487 923 1606 954 Boeotiae

1486 977 1584 1000 motus.
