1830 3131
436 230 830 274 EPITOME
893 230 1085 273 LmSss.

93 358 169 386 nos
197 345 341 402 viginti
382 360 453 401 per
493 345 576 386 vim
615 357 775 387 creatus
801 347 911 398 efl'et,
944 347 992 388 C.
1015 344 1165 387 Fabius
1200 345 1243 384 in
1289 344 1433 387 Africa

95 416 262 459 propter
284 405 564 446 crudelitatem
600 407 639 447 &
663 406 871 447 avaritiam
909 406 950 447 in
990 405 1180 460 praetorio
1203 403 1275 444 suo
1317 405 1434 445 vivus

99 464 265 505 exustus
287 463 358 504 est.
419 464 454 504 L
494 464 710 520 Philippus
753 467 911 521 legatus
938 465 1062 506 Suilae
1095 463 1343 512 Sardiniam,

99 523 286 563 Antonio
307 534 480 578 praetore
503 523 620 578 pulso
642 536 681 564 et
718 525 868 575 occiso,
900 525 1128 579 occupavit.
1191 523 1304 563 Sulla
1339 536 1436 562 cum

98 581 249 622 Italicis
269 582 448 636 populis,
480 597 531 623 ne
554 583 768 624 timeretur
795 583 844 624 ab
880 584 945 635 iis,
979 585 1090 623 velut
1126 591 1341 636 erepturus
1378 581 1436 620 ci-

98 642 264 680 vitatem
288 642 327 681 8<
375 640 553 697 suffragii
580 642 648 697 jus
694 657 825 698 nuper
861 643 1019 691 datum,
1052 642 1190 682 foedus
1231 639 1437 695 percuffit.

97 699 311 753 Idemque,
343 714 398 741 ex
441 700 593 741 fiducia
619 702 706 758 jam
743 712 865 744 certae
906 701 1108 751 vietoriae,
1141 699 1382 755 litigatores,
1415 713 1438 739 a

95 758 246 813 quibus
269 758 470 809 adibatur,
503 761 735 801 vadimonia
759 761 941 801 Romam
971 758 1273 815 differreJ'uffit,
1307 771 1439 812 quum

99 826 259 871 aparte
281 817 436 859 diversa
479 819 576 860 urbs
619 820 752 861 adhuc
789 831 1011 861 teneretur.
1073 820 1123 860 L.
1165 818 1440 872 Damasippus

98 886 264 930 praetor,
296 891 347 917 ex
380 879 591 919 voluntate
621 879 671 920 C.
717 880 844 921 Marii
882 878 1060 920 consulis
1095 891 1225 932 quum
1256 876 1441 917 senatum

97 935 376 986 contraxisset,
407 951 591 988 omnem,
625 953 717 992 quae
739 938 781 979 in
813 941 911 979 urbe
941 949 1044 989 erat,
1077 937 1332 977 nobilitatem
1354 946 1442 975 tru-

100 994 265 1036 cidavit.
301 1009 351 1036 ex
389 996 508 1052 cujus
545 1011 718 1039 numero
752 1000 812 1055 Q
840 998 1009 1040 {vincius
1031 997 1216 1038 Scaevola
1255 995 1442 1048 pontifex

99 1054 307 1096 maximus
334 1053 499 1110 fugiens
541 1056 582 1096 in
620 1056 819 1098 vestibulo
861 1057 960 1098 aedis
1000 1056 1138 1098 Vesta}
1180 1054 1337 1095 occisus
1370 1053 1440 1094 est.

97 1112 301 1154 Praeterea
321 1112 476 1155 bellum
513 1130 536 1156 a
578 1115 627 1156 L.
652 1117 842 1167 Muraena
865 1116 1059 1158 adversus
1085 1113 1376 1158 Mithridatem
1400 1112 1443 1152 in

102 1171 197 1213 Asia
219 1183 461 1215 renovatum
479 1175 688 1233 continet.

492 1323 529 1365 L
546 1324 564 1364 1
581 1324 616 1366 B
630 1325 670 1366 R
688 1325 707 1365 I
768 1323 1036 1366 LXXXVII.

107 1407 327 1484 SULLA
348 1440 400 1482 c.
424 1440 629 1492 Marium,
661 1441 847 1483 exercitu
886 1442 975 1496 ejus
1017 1440 1108 1481 fuso
1151 1439 1373 1494 deletoque
1395 1440 1449 1480 ad

103 1496 401 1553 Sacriportum,
432 1498 473 1538 in
496 1500 647 1555 oppido
668 1499 873 1541 Praeneste
895 1499 1065 1540 obsedit.
1096 1498 1240 1540 urbem
1264 1499 1449 1539 Romam

102 1570 155 1599 ex
177 1557 439 1599 inimicorum
463 1559 652 1599 manibus
681 1560 847 1614 recepit.
913 1559 1099 1601 Marium
1121 1572 1337 1613 erumpere
1360 1570 1450 1598 ten-

103 1625 259 1657 tantem
283 1617 445 1672 repulit.
491 1617 694 1658 Praeterea
718 1632 780 1660 res
803 1634 824 1659 a
847 1618 990 1675 legatis
1008 1620 1113 1676 ejus,
1131 1619 1275 1659 eadem
1294 1618 1450 1674 ubique

104 1673 268 1717 fortuna
290 1676 486 1731 partium,
517 1677 648 1734 gestas
670 1678 867 1720 continet.

461 1820 540 1862 LI
566 1820 603 1862 B
624 1821 700 1863 RI
762 1822 1084 1865 LXXXVIII.

110 1907 330 1980 SULLA
350 1936 600 1986 Carbonem,
634 1937 818 1979 exercitu
841 1938 929 1994 ejus
966 1937 1057 1979 suso
1090 1940 1138 1980 ad
1164 1938 1367 1989 Clusium,
1402 1938 1452 1977 ad

107 1994 348 2034 Faventiam
372 1995 686 2050 Fidentiamque
709 1997 827 2046 caeso,
851 1997 966 2038 Italia
987 2000 1169 2053 expulit:
1201 2013 1297 2039 cum
1339 2000 1456 2040 Sam-

109 2051 280 2101 nitibus,
313 2054 386 2107 qui
415 2054 487 2094 soli
522 2070 570 2096 ex
614 2057 763 2098 Italicis
785 2057 946 2111 populis
975 2059 1161 2099 nondum
1185 2072 1295 2098 arma
1311 2056 1457 2113 posue-

109 2121 216 2160 rant,
245 2112 366 2167 juxta
403 2112 546 2154 urbem
582 2115 818 2156 Romanam
851 2126 943 2155 anre
972 2132 1131 2171 porram
1156 2117 1364 2158 Collinam
1386 2116 1455 2156 de·

108 2170 299 2212 bellavit:
331 2174 652 2229 recuperataque
693 2174 918 2229 republica,
959 2176 1280 2231 pulcherrimam
1321 2175 1457 2216 vieto-

110 2229 214 2270 riam
237 2232 494 2282 crudelitate,
522 2243 674 2287 quanta
703 2234 743 2274 in
779 2235 894 2274 nullo
931 2235 1149 2275 hominurn
1186 2235 1282 2287 fuit,
1316 2234 1455 2288 inqui-

111 2290 237 2329 navit.
298 2289 412 2331 Οᾶο
446 2293 573 2333 millia
596 2293 830 2334 deditorum
865 2294 905 2333 in
946 2294 1036 2335 villa
1076 2295 1239 2350 publica
1276 2294 1457 2335 trucida-

112 2348 194 2388 vit:
229 2348 410 2391 tabulam
441 2351 748 2407 proscriptionis
780 2352 939 2407 posuit:
990 2354 1133 2395 urbem
1158 2369 1203 2394 ac
1226 2363 1352 2394 totam
1375 2352 1457 2392 Ita-

113 2406 212 2447 liam
254 2408 435 2450 caedibus
471 2411 669 2466 replevit:
715 2412 821 2452 inter
859 2427 961 2467 quas
1002 2428 1147 2454 omnes
1188 2410 1459 2453 Praenestinos

114 2466 294 2506 inermes
321 2468 483 2508 concidi
512 2470 646 2524 juffit:
680 2471 881 2520 Marium,
915 2471 1102 2512 senatorii
1124 2471 1278 2512 ordinis
1308 2470 1456 2520 virum,

116 2524 304 2566 cruribus
324 2525 583 2583 brachiisque
616 2528 776 2583 fractis,
807 2529 972 2570 auribus
995 2530 1214 2585 praeseetis,
1248 2533 1287 2572 &
1311 2528 1460 2571 effossis

116 2584 263 2633 oculis,
295 2586 468 2628 necavit.
502 2588 552 2630 C.
579 2587 757 2638 Marius,
789 2588 993 2629 Praeneste
1021 2589 1196 2629 obl'efl'us
1219 2604 1241 2629 a
1263 2588 1462 2630 Lucretio

117 2642 273 2693 Ofella,
309 2645 573 2687 Sullanarum
615 2646 794 2701 partium
836 2647 938 2696 viro,
971 2662 1098 2702 quum
1122 2662 1193 2703 per
1216 2648 1459 2689 cuniculum

118 2711 302 2757 captaret
323 2704 512 2755 evadere,
546 2705 681 2760 septus
712 2706 763 2748 ab
783 2706 983 2757 exercitu,
1015 2717 1192 2748 mortem
1216 2707 1285 2748 fibi
1302 2707 1460 2749 consci-

119 2760 189 2804 vit.
213 2761 254 2804 id
277 2762 350 2814 est,
379 2763 420 2804 in
443 2763 529 2820 ipso
545 2765 755 2818 cuniculo,
787 2779 918 2822 quum
945 2764 1110 2808 sentiret
1133 2765 1171 2809 se
1187 2767 1358 2808 evadere
1376 2781 1462 2808 non

1334 2827 1459 2882 poffe,

1579 232 1662 282 283
