1794 3121
715 59 739 79 O

153 221 235 273 528
684 222 703 262 1
769 222 813 264 Ν

208 345 459 389 Annibalem
479 349 666 390 mercede
706 348 872 389 militas-

209 405 310 455 sent,
343 407 533 462 captique
554 407 596 447 in
618 408 790 449 vinculis
806 408 866 448 es-

205 465 308 514 sent,
340 479 543 519 xxa.42.
583 467 662 508 vid.
707 466 760 509 ΕΞ*
796 481 864 521 33.

206 523 317 565 triste
339 524 575 580 responsum
608 527 748 581 legatis
767 541 787 566 a
811 525 868 566 se-

207 592 308 625 natu
329 586 552 634 redditum,
574 596 643 635 42.

264 641 302 682 ei
323 643 478 684 bellum
499 644 717 691 indictum,
736 644 866 684 xxxi.

210 706 300 756 5-8.
373 703 586 758 Philippus
654 714 868 758 oppugnat

210 761 427 817 Abydum,
481 775 550 816 14.
600 762 738 803 foedus
780 765 868 818 ejus

207 833 301 861 curn
342 820 552 862 Antiocho
592 821 722 876 Syriae
758 836 870 876 rege,

204 879 296 920 ibid.
338 879 490 919 bellum
526 881 632 920 inter
682 894 777 920 eum
828 884 866 921 8<

210 938 597 988 Athenienses,ibid.
614 952 744 992 quum
761 952 868 994 aegre

207 997 418 1038 sustineret
437 997 628 1053 Attalum
663 998 870 1038 Rhodios-

206 1069 287 1111 que
306 1055 458 1105 hostes,
481 1069 531 1097 ne
555 1056 749 1097 Romano
778 1060 869 1111 qui-

209 1116 303 1155 dem
319 1113 425 1155 bello
442 1125 630 1164 terretur,
659 1123 727 1159 16.
753 1116 870 1172 Aby-

207 1176 307 1214 dum
328 1174 450 1229 capit,
485 1175 573 1215 ibid.
599 1174 651 1216 &
684 1188 750 1226 17.
772 1189 869 1216 eum

207 1232 403 1273 audaciter
437 1234 672 1288 adloquitur
711 1238 770 1276 M.
794 1233 870 1274 ΖΕ.

206 1292 360 1342 milius,
419 1293 576 1349 legatus
636 1293 870 1345 Romanus,

210 1357 280 1396 18·
303 1350 460 1392 insueto
482 1366 575 1392 vera
597 1352 737 1392 audire
759 1352 867 1392 fero-

207 1412 294 1453 cior
308 1410 469 1451 videtur
486 1409 608 1466 legati
626 1413 768 1461 oratio,
777 1411 866 1450 ibid.

210 1469 428 1524 Philippus
448 1470 551 1523 petit
568 1469 771 1518 Athenas,
801 1482 867 1516 24.

206 1528 292 1569 edit
347 1529 543 1582 proelium
605 1529 868 1569 memorabile

207 1601 304 1629 cum
330 1586 664 1636 Atheniensibus,
681 1587 774 1629 ibid.
807 1602 869 1627 re-

208 1646 334 1696 cedit,
373 1649 413 1687 δε
437 1646 573 1686 omnia
597 1646 703 1686 circa
738 1646 871 1686 Athe-

208 1718 282 1746 nas
302 1705 440 1754 diruit,
461 1706 554 1745 ibid.
579 1705 760 1746 Achaeos
784 1705 871 1745 Ro-

210 1777 333 1803 mano
376 1763 531 1819 illigare
575 1763 684 1804 bello
721 1762 871 1803 frustra

211 1834 400 1871 conatur,
420 1834 489 1873 25.
516 1822 704 1864 Athenas
726 1825 764 1863 δε
807 1822 873 1863 Pi·

211 1895 364 1923 meum
381 1881 529 1922 frustra
558 1892 703 1932 tentat,
728 1883 796 1923 26.
815 1882 874 1920 di·

212 1940 294 1980 ruit
343 1942 495 1995 templa
528 1941 635 1981 circa
671 1941 874 1989 Athenas,

211 1998 304 2039 ibid.
327 2000 416 2055 ejus
433 2010 650 2055 apparatus
675 2008 743 2041 23.
766 2001 873 2054 lega-

213 2066 276 2098 tos
311 2059 434 2098 mittit
470 2060 520 2098 ad
568 2061 745 2109 ffstolos,
783 2058 874 2098 ibid.

203 2116 376 2158 miratur
403 2118 690 2158 Romanorum
730 2117 873 2165 castra,

214 2187 285 2231 34.
319 2177 518 2217 detrec‘tat
567 2190 763 2232 pugnam,
804 2179 874 2229 36.

213 2236 336 2276 caedit
376 2249 500 2291 vagos
557 2238 874 2276 frumentatores

214 2295 444 2343 Romanos,
504 2295 595 2336 ibid.
648 2293 875 2348 repellitur,

217 2366 289 2404 37·

215 2413 305 2452 ibid.
323 2413 493 2463 recedit,
517 2416 583 2463 38.
616 2412 736 2453 caedit
759 2414 878 2451 silto-

214 2471 290 2521 los,
313 2485 374 2525 4¹·
409 2484 481 2523 42.
503 2472 544 2511 in
581 2486 676 2512 eum
702 2470 879 2510 Atheni-

216 2530 370 2569 enfium
387 2530 567 2580 decreta,
592 2545 664 2583 44.

275 2587 549 2636 Thaumacos,
573 2588 719 2629 frustra
748 2598 877 2629 tenta·

221 2655 300 2694 tos,
315 2646 458 2687 deserit
476 2648 707 2702 Philippus,
732 2647 877 2687 xxxii.

218 2719 262 2756 4.
283 2706 370 2759 ejus
402 2705 584 2747 anxietas
609 2711 645 2748 δι
687 2718 812 2757 curae,
837 2719 878 2761 5.

323 2353 363 2392 in
403 2368 554 2408 magno
579 2353 634 2396 est
678 2351 877 2407 periculo,

876 228 918 265 D

985 221 1140 262 EX.

979 346 1171 388 conciliat
1193 345 1262 387 fibi
1287 345 1460 388 Graecos
1484 348 1523 388 ἃ
1545 347 1643 391 Ma-

980 407 1172 456 cedonas,
1195 406 1284 446 ibid.
1304 415 1481 462 occupat
1501 406 1642 448 fauces

984 465 1238 521 Antigoniae,
1260 465 1349 506 ibid.
1377 465 1507 507 castra
1525 466 1643 522 ponit

978 526 1030 566 ad
1054 525 1214 574 Aoum,
1232 525 1322 565 ibid.
1336 525 1425 582 ejus
1438 524 1644 580 colloqui-

981 598 1052 625 um
1074 597 1169 624 cum
1188 583 1244 624 Τ.
1265 583 1456 640 Quintio,
1474 583 1642 625 consule

987 657 1051 684 ιο.
1068 656 1162 683 eum
1189 643 1425 699 aggreditur
1440 642 1643 703 Qintius

984 704 1023 743 8<
1039 702 1183 758 fugere
1199 701 1309 757 cogit
1325 702 1368 742 in
1380 701 1642 751 Thess‘aliam,

989 775 1053 803 12.
1091 764 1129 802 in
1158 760 1449 802 Macedoniam
1484 760 1645 816 Philip

981 835 1057 875 pus
1090 820 1212 872 redit,
1251 833 1315 874 13.
1337 820 1427 876 ejus
1455 819 1643 861 societate

983 880 1139 929 relicta,
1165 878 1315 920 Achaei
1335 878 1375 920 se
1410 880 1645 935 adjungunt

987 939 1199 987 Romanis,
1220 951 1233 978 1
1242 951 1316 993 9-2
1322 950 1363 993 3.
1384 938 1474 995 ejus
1490 950 1643 978 nomen

983 997 1024 1037 in
1047 997 1226 1039 comitiis
1249 997 1504 1052 Argivorum
1541 996 1645 1037 reci-

978 1055 1203 1111 tatumpost
1217 1055 1380 1108 Jovem,
1389 1055 1644 1111 Apolli-nem,

980 1119 1020 1157 δι
1046 1115 1288 1166 Herculem,
1317 1128 1388 1170 25.
1421 1116 1511 1171 ejus
1539 1128 1645 1169 prae-

981 1175 1094 1216 fensio
1122 1173 1296 1216 Philocli
1332 1175 1470 1229 Argos
1510 1174 1647 1228 prodi-

983 1246 1064 1282 tur,
1086 1232 1176 1273 ibid
1214 1234 1303 1289 ejus
1341 1246 1439 1273 cum
1468 1231 1644 1291 Qintio

982 1292 1148 1334 consule
1184 1292 1452 1346 colloquium,
1495 1303 1567 1347 32-
1572 1294 1644 1347 36.

988 1350 1202 1406 Philippus
1216 1351 1394 1392 dicacior
1406 1359 1505 1400 erat,
1518 1364 1646 1404 quam

981 1424 1119 1466 regem
1175 1413 1307 1459 decet,
1349 1423 1420 1465 34.
1466 1409 1548 1449 vid.
1593 1409 1647 1451 ξς·

985 1469 1125 1511 xxxvi.
1149 1484 1214 1520 14.
1235 1468 1336 1524 petit
1353 1483 1376 1510 a
1392 1467 1583 1519 Quintio,
1600 1477 1647 1509 ut

986 1531 1139 1584 legatos
1159 1529 1341 1569 Romam
1368 1527 1529 1568 mittere
1550 1526 1647 1568 lice-

986 1600 1041 1636 at,
1064 1587 1199 1627 xxxii.
1227 1589 1297 1642 36.
1315 1589 1504 1642 impetrat
1525 1586 1646 1626 indu-

986 1647 1068 1687 cias
1084 1646 1125 1685 in
1141 1647 1244 1686 duos
1262 1645 1433 1694 menses,
1446 1644 1536 1685 ibid.
1555 1645 1646 1701 ejus

987 1705 1126 1760 legati,
1151 1718 1194 1744 re
1228 1703 1400 1752 infecta,
1434 1701 1647 1743 discedunt

992 1765 1145 1813 Roma,
1168 1777 1237 1818 37.
1254 1762 1392 1802 foedus
1415 1760 1514 1801 facit
1549 1774 1646 1801 cum

988 1821 1163 1870 Nabide,
1188 1826 1257 1875 38.
1292 1820 1544 1877 Argivorum
1581 1833 1648 1859 ur-

988 1880 1082 1921 bem
1108 1879 1361 1920 fiduciariam
1392 1878 1545 1921 Nabidi
1566 1889 1648 1919 tra-

987 1939 1062 1991 dit,
1080 1939 1171 1979 ibid.
1191 1940 1343 1994 &stqq.

1044 1999 1133 2053 ejus
1156 2009 1388 2052 apparatus.
1415 1998 1580 2038 xxxiii.
1609 2012 1649 2053 3.

991 2057 1043 2096 ad
1064 2070 1161 2096 eum
1198 2056 1411 2097 contendit
1438 2057 1651 2116 Qintius,

985 2114 1142 2166 consul,
1160 2115 1249 2156 ibid.
1263 2116 1475 2170 copiarum
1495 2115 1653 2171 Philip-

989 2176 1029 2229 pi
1050 2188 1261 2226 numerus,
1300 2189 1344 2226 4.
1365 2174 1492 2216 castra
1533 2174 1651 2230 ponit

989 2234 1039 2274 ad
1061 2232 1408 2289 Cynoscephalas,
1442 2248 1480 2289 7.
1503 2233 1648 2289 proeli-

995 2306 1084 2342 um,
1108 2306 1190 2346 quo
1215 2293 1404 2341 vincitur,
1429 2306 1464 2346 7-
1483 2302 1548 2334 10.
1585 2306 1651 2333 ca-

991 2352 1255 2391 duceatorem
1278 2350 1403 2390 mittit
1424 2352 1475 2391 ad
1496 2353 1653 2394 Roma-

986 2423 1077 2460 nos,
1118 2424 1130 2452 1
1150 2423 1183 2449 1.
1214 2410 1252 2450 ei
1273 2409 1452 2450 induciae
1475 2411 1651 2466 quinde-

995 2468 1073 2510 cim
1093 2467 1250 2510 dierum
1289 2469 1409 2518 datae‚
1437 2482 1504 2511 12.
1521 2469 1651 2510 collo-

995 2527 1140 2582 quium
1168 2529 1218 2568 ad
1239 2527 1417 2582 Tempe,
1441 2542 1507 2584 ¹3-
1538 2528 1652 2582 pacis

995 2588 1106 2641 leges
1128 2600 1222 2627 cum
1264 2585 1468 2642 Philippo,
1501 2585 1586 2627 ibid¹
1611 2586 1651 2625 δε

999 2659 1068 2702 30.
1089 2646 1212 2687 caedit
1228 2645 1458 2694 Dardanos,
1496 2660 1558 2699 19.
1575 2656 1654 2698 pax

960 2728 963 2729 ν
994 2719 1090 2745 cum
1108 2719 1191 2745 eoa
1207 2705 1359 2759 populo
1375 2705 1578 2760 juffa,25.

1606 2760 1658 2801 de
