1830 3131
443 287 839 332 EPITOME
898 286 1090 341 LIB·70·

110 403 477 454 consummaretur,
511 405 758 448 reseruntur.
824 405 938 446 Bella
959 415 1155 459 praeterea
1175 402 1282 444 inter
1307 401 1438 461 Syriae

111 479 226 522 reges
247 465 356 522 gesta
386 464 585 507 continet.

569 611 692 652 LIB
714 611 792 655 RI
855 610 1021 653 LXIX.

113 696 196 772 L.
218 729 450 784 Appuleius
484 728 745 777 Saturninus,
778 728 996 784 adjuvante
1017 727 1068 770 C.
1096 727 1249 778 Mario,
1285 730 1324 771 8<
1362 743 1438 785 per

108 784 258 828 milites
284 789 418 830 occiso
445 792 495 831 A.
518 789 657 829 Nonio
674 788 957 841 competitore,
991 787 1179 828 tribunus
1202 788 1331 842 plebis
1361 803 1437 845 per

107 842 190 883 vim
213 859 387 898 creatus,
419 863 503 889 non
525 845 661 888 minus
678 846 876 886 violenter
909 846 1182 898 tribunatum,
1216 846 1342 902 quam
1364 862 1436 902 pe-

108 902 247 960 tierat,
279 907 393 962 gessit
411 923 438 956 3⁷
457 910 514 956 &,
546 920 675 961 quum
697 907 829 961 legem
852 907 1050 960 agrariam
1072 921 1144 960 per
1164 906 1247 947 vim
1271 907 1434 958 tuliffet,

109 963 285 1005 Metello
307 965 548 1014 Numidico,
581 979 630 1005 eo
652 964 763 1019 quod
788 965 829 1004 in
852 978 942 1006 eam
964 979 1047 1006 non
1065 967 1288 1022 juraverat,
1323 967 1433 1007 diem

110 1023 242 1064 dixit:
273 1025 343 1079 qui
367 1039 497 1079 quum
521 1040 543 1064 a
575 1023 693 1065 bonis
722 1023 878 1064 civibus
902 1024 1209 1075 defenderetur,
1242 1039 1293 1066 ne
1315 1024 1437 1066 causa

108 1083 380 1124 certaminum
398 1084 507 1133 effet,
540 1083 580 1123 in
612 1083 796 1124 exfilium
825 1082 1103 1124 voluntarium
1129 1083 1324 1126 Rhodum
1341 1099 1437 1139 pro-

108 1140 241 1183 fenus
264 1142 348 1183 est:
380 1142 518 1197 ibique
540 1143 715 1198 legendo
739 1146 778 1184 &
812 1141 1023 1184 audiendis
1042 1143 1203 1197 magnis
1222 1143 1319 1184 viris
1340 1157 1438 1184 avo-

109 1200 292 1243 cabatur.
353 1201 550 1243 Profecto
589 1202 634 1242 C.
679 1201 854 1250 Marius,
906 1201 1113 1242 seditionis
1147 1201 1310 1253 audior,
1361 1202 1437 1257 qui

107 1258 267 1300 sextum
298 1260 556 1301 consulatum
584 1274 659 1314 per
708 1259 838 1301 tribus
882 1260 1012 1316 sparsa
1046 1261 1221 1315 pecunia
1262 1273 1436 1313 emerat,

107 1319 212 1372 aqua
238 1322 276 1360 8<
301 1319 386 1375 igni
408 1319 630 1360 interdixit.
690 1319 808 1359 Idem
831 1321 1061 1375 Appuleius
1089 1319 1338 1361 Saturninus
1362 1320 1437 1360 tri-

106 1376 244 1420 bunus
265 1378 396 1433 plebis
418 1377 468 1420 C.
486 1377 737 1419 Memmium
757 1379 1020 1421 candidatum
1039 1377 1292 1431 consulatus,
1308 1392 1436 1432 quem

105 1438 288 1479 maxime
325 1437 596 1478 adversarium
632 1437 862 1479 actionibus
909 1437 990 1478 suis
1030 1437 1216 1487 timebat,
1267 1437 1435 1479 occidit.

107 1496 259 1549 quibus
286 1496 409 1538 rebus
448 1496 654 1537 concitato
691 1495 848 1546 senatu,
885 1496 944 1549 (in
979 1497 1098 1552 cujus
1131 1496 1295 1538 causam
1319 1499 1359 1539 δε
1384 1496 1440 1539 C.

109 1553 289 1606 Marius,
321 1555 447 1596 homo
471 1555 569 1595 varii
602 1557 642 1596 ἃ
667 1555 874 1596 mutabilis
897 1555 1050 1611 ingenii
1073 1556 1310 1612 consiliique
1332 1555 1440 1596 sem-

108 1629 179 1669 per
197 1616 422 1656 secundum
445 1613 670 1664 fortunam,
705 1614 928 1664 transierat,
960 1629 1090 1668 quum
1113 1629 1208 1656 eum
1232 1615 1338 1656 tueri
1360 1615 1440 1655 mi-

106 1673 218 1716 nime
239 1674 383 1731 poffec)
417 1673 628 1728 oppressus
665 1674 788 1715 armis
821 1688 915 1716 cum
951 1674 1130 1715 Glaucia
1168 1686 1359 1730 praetore,
1395 1676 1438 1716 δε

106 1734 196 1776 aliis
245 1732 428 1791 ejusdem
461 1732 612 1774 furoris
649 1733 781 1782 sociis,
828 1733 935 1774 bello
976 1734 1156 1788 quodam
1193 1733 1442 1775 interfectus

104 1794 178 1836 est.
237 1793 294 1849 Q.
316 1792 510 1835 Caecilius
535 1793 734 1833 Metellus
754 1792 804 1833 ab
825 1793 978 1842 exfilio,
1011 1793 1170 1848 ingenti
1191 1793 1318 1835 totius
1341 1791 1441 1833 civi-

107 1853 201 1894 tatis
231 1851 385 1901 favore,
416 1851 615 1892 reduetus
653 1852 725 1892 est.
800 1851 1094 1906 M'.Aquillius
1141 1852 1361 1909 proconsul
1395 1851 1440 1892 in

105 1912 243 1955 Sicilia
274 1912 429 1952 bellum
448 1911 586 1952 servile
609 1910 834 1952 excitatum
859 1910 1052 1953 confecit.

563 2051 789 2092 LIBRI
854 2050 997 2091 LXX.

109 2141 336 2229 QUAM
377 2167 454 2208 Μ’.
493 2167 702 2222 Aquillius
740 2168 790 2208 de
813 2166 998 2222 pecuniis
1019 2167 1258 2221 repetundis
1279 2167 1441 2209 causam

107 2229 277 2278 diceret,
309 2226 391 2282 ipse
408 2226 569 2283 judices
591 2241 734 2284 rogare
757 2227 903 2267 noluit.
937 2227 1002 2266 M.
1025 2226 1248 2276 Antonius,
1281 2227 1352 2282 qui
1367 2242 1444 2282 pro

109 2303 162 2329 eo
184 2287 419 2342 perorabat,
450 2286 635 2327 tunicam
659 2302 680 2326 a
702 2285 871 2341 pectore
891 2286 981 2342 ejus
1012 2284 1185 2336 discidit,
1216 2296 1261 2326 ut
1297 2286 1446 2327 hones-

111 2357 173 2388 tas
196 2346 410 2389 cicatrices
446 2345 705 2386 ostenderet:
736 2345 888 2400 quibus
927 2343 1175 2398 conspeffls,
1207 2345 1444 2386 indubitan-

109 2417 171 2446 ter
202 2405 410 2446 absolutus
427 2404 499 2445 est.
561 2404 709 2446 Cicero
739 2405 828 2461 ejus
857 2404 915 2444 rei
938 2404 1046 2444 solus
1067 2403 1223 2445 austor.
1287 2403 1340 2445 T.
1363 2403 1444 2444 Di-

110 2465 204 2506 dius
248 2463 468 2519 proconsul
501 2462 692 2506 adversus
737 2463 964 2504 Celtiberos
1005 2461 1180 2502 feliciter
1228 2462 1444 2517 pugnavit.

107 2524 374 2571 Ptolemaeus,
406 2521 661 2577 Cyrenarum
697 2535 787 2573 rex,
818 2522 885 2563 cui
928 2529 1252 2575 cognomentum
1286 2521 1444 2576 Apioni

108 2583 208 2634 fuit,
241 2592 443 2622 mortuus
466 2580 661 2622 heredem
697 2583 898 2635 populum
923 2580 1163 2620 Romanum
1185 2578 1366 2633 reliquit,
1399 2584 1443 2625 δε

110 2643 198 2698 ejus
219 2641 335 2697 regni
358 2639 541 2681 civitates
578 2639 739 2681 senatus
767 2639 913 2680 liberas
943 2637 1020 2679 effe
1055 2637 1180 2693 juffit.
1244 2638 1443 2680 Ariobar-

109 2716 233 2743 zanes
256 2701 298 2741 in
320 2713 494 2755 regnum
521 2698 792 2755 Cappadociae
814 2712 837 2739 a
857 2698 908 2739 L.
934 2696 1130 2739 Cornelio
1158 2696 1274 2738 Sulla
1292 2699 1443 2741 reduc-

111 2770 178 2801 tus
210 2759 280 2801 est.
344 2758 593 2800 Parthorum
624 2758 764 2813 legati,
796 2772 819 2798 a
851 2769 948 2812 rege
988 2755 1137 2798 Arsace
1172 2755 1293 2810 miffi,
1322 2772 1446 2798 vene-

110 2829 209 2861 runt
231 2820 281 2862 ad
316 2817 493 2869 Sullam,
524 2828 570 2859 ut
605 2815 828 2918 amicssam
860 2816 1004 2874 populi
1036 2815 1219 2858 Romani
1240 2826 1442 2919 peltereRnt.

773 2887 799 2917 2
1319 2906 1331 2918 .
1399 2890 1448 2917 u-

1580 289 1666 339 275
