1830 3131
120 231 202 284 296

677 224 1055 268 EPITOME
1094 226 1315 268 Lxss.ll‘.'.

333 354 473 402 effent,
503 351 607 392 inter
629 367 732 407 quos
755 361 802 393 ut
831 353 955 393 Pater
975 352 1121 392 Patriae
1151 353 1438 406 appellaretur,
1464 353 1501 392 δι
1526 350 1659 394 sacr-o-

334 413 513 461 sanctus,
549 425 595 452 ac
624 411 799 452 dietator
822 411 863 450 iu
894 421 1138 466 perpetuum
1161 412 1270 460 efl'et,
1306 410 1466 451 invidiae
1496 410 1657 453 causam

332 469 522 513 adversus
558 484 654 510 eum
696 470 933 525 praestitere,
982 468 1096 523 quod
1138 469 1291 510 senatui
1343 469 1542 510 deferenti
1580 469 1659 512 hos

331 531 523 580 honores,
557 543 688 583 quum
724 540 814 569 ante
841 529 971 569 aedem
1010 529 1181 568 Veneris
1222 528 1448 569 Genitricis
1486 527 1657 579 sederet,

331 604 413 630 non
449 589 684 630 assurrexit:
721 591 757 628 ὃς
783 588 896 641 quod
928 602 950 627 a
986 588 1047 628 M.
1079 587 1262 630 Antonio
1302 587 1466 628 consule
1498 588 1659 643 collegi

331 648 418 700 suo,
458 648 563 689 inter
585 646 799 702 Lupercos
817 656 1020 694 currente,
1053 645 1235 687 diadema
1259 647 1380 700 capiti
1401 645 1472 687 suo
1494 646 1659 700 impoli*-

328 715 413 748 turn
437 707 477 746 in
503 705 598 746 fell-21
618 704 824 759 reposuit:
858 707 894 746 8<
925 703 1036 758 quod
1070 705 1215 759 Epidio
1247 706 1428 746 Marullo
1460 709 1499 749 δε
1523 704 1658 750 Caese-

327 766 385 806 tio
416 767 538 807 Flavo
561 763 734 804 tribunis
766 764 909 818 plebis,
951 764 1143 807 invidiam
1177 765 1213 803 ei
1251 776 1444 818 tanquam
1481 778 1655 820 regnum

327 823 536 866 affeelanti
555 821 829 871 moventibus,
851 822 1026 877 potestas
1043 822 1232 877 abrogata
1255 822 1325 862 est.
1389 822 1446 862 Ex
1464 822 1511 864 iis
1528 824 1656 865 caulis

326 881 626 941 conspiratione
663 881 705 920 in
742 895 837 921 eum
870 881 995 931 sachi,
1035 882 1170 936 (cujus
1207 882 1339 936 capita
1381 880 1551 922 fuerunt
1591 883 1653 923 M.

328 940 496 988 Brutus,
528 943 565 980 &
591 940 638 980 C.
664 938 835 990 Caffius,
871 942 907 985 ὃς
933 955 982 980 ex
1007 940 1176 982 Caesaris
1209 940 1390 994 partibus
1424 940 1479 980 D.
1501 941 1655 982 Brutus

327 1004 366 1042 δι’
391 1000 440 1041 C.
471 997 723 1052 Trebonius)
745 998 785 1037 in
811 998 992 1053 Pompeii
1015 1000 1130 1042 curia
1152 998 1308 1040 occisus
1330 999 1387 1039 est
1414 998 1558 1054 viginti
1585 1000 1655 1040 tri-

326 1059 401 1100 bus
436 1056 691 1106 vulneribus,
732 1068 1060 1111 occupatumque
1098 1058 1147 1098 ab
1189 1057 1522 1098 interfectoribus
1563 1059 1654 1114 ejus

325 1117 594 1171 Capitolium.
657 1115 875 1156 Oblivione
915 1117 1062 1156 deinde
1093 1117 1215 1158 caedis
1242 1118 1332 1171 ejus
1369 1132 1390 1157 a
1423 1116 1560 1157 senatu
1583 1118 1654 1158 de-

324 1175 448 1225 cretfi,
471 1175 677 1216 obfidibus
703 1175 876 1215 Antonii
905 1178 944 1216 δι
968 1175 1113 1229 Lepidi
1137 1176 1272 1219 liberis
1294 1175 1486 1229 acceptis,
1508 1177 1654 1232 conju-

323 1235 399 1276 rati
418 1249 439 1276 a
462 1233 667 1288 Capitolio
689 1233 997 1275 descenderunt.
1059 1233 1325 1274 Testamento
1343 1232 1512 1275 Caesaris
1534 1236 1652 1276 heres

321 1309 371 1335 ex
396 1304 507 1350 parte
528 1292 696 1333 dimidia
719 1291 925 1334 institutus
958 1292 1007 1334 C.
1032 1292 1230 1332 (mamus
1253 1292 1398 1332 sororis
1429 1305 1572 1347 nepos,
1608 1296 1650 1336 ἃ

323 1353 364 1393 in
387 1366 538 1394 nomen
553 1353 769 1406 adoptatus
789 1350 860 1391 est.
925 1350 1096 1392 Caesaris
1118 1365 1279 1404 corpus,
1305 1365 1434 1405 quum
1468 1351 1510 1394 in
1540 1366 1652 1393 cam-

322 1425 422 1465 pum
458 1411 657 1453 Martium
681 1408 871 1457 ferretur,
895 1425 915 1450 a
932 1409 1048 1464 plebe
1071 1420 1163 1450 ante
1185 1411 1309 1451 rostra
1331 1421 1559 1455 crematum
1576 1409 1650 1452 est.

322 1469 553 1510 Dictaturae
594 1467 725 1508 honos
758 1468 795 1507 in
822 1478 1067 1522 perpetuum
1100 1468 1278 1510 sublatus
1310 1468 1380 1509 est.
1444 1469 1495 1510 C.
1521 1472 1650 1511 Ama-

324 1529 420 1579 tius‚
441 1526 683 1568 humillimae
706 1526 820 1566 sortis
844 1528 983 1574 homo,
1015 1526 1086 1579 qui
1110 1527 1146 1567 se
1170 1527 1216 1567 C.
1242 1528 1366 1568 Marii
1391 1527 1520 1567 filium
1542 1526 1650 1573 fer&

322 1587 405 1636 bat,
442 1599 572 1640 quum
615 1585 724 1641 apud
765 1585 974 1625 credulam
1011 1584 1173 1640 plebem
1197 1586 1416 1639 seditiones
1449 1582 1649 1640 moveret,

324 1656 490 1689 necatus
506 1644 574 1686 est.

735 1826 768 1867 L
794 1826 810 1866 1
837 1825 871 1866 Β
898 1823 978 1865 RI
1044 1823 1234 1865 CXVII.

323 1938 384 1992 C.
409 1956 721 2000 OCTAVIUS
745 1958 923 1998 Romam
946 1971 994 2000 ex
1018 1956 1141 2011 Epiro
1160 1957 1284 2008 venit,
1306 1957 1374 2013 (eb
1396 1959 1648 2012 eniminum

322 2014 344 2054 (
360 2014 456 2055 aesar
474 2016 734 2070 praemiserat,
764 2017 917 2057 bellum
940 2015 981 2058 in
1004 2016 1251 2058 Macedoni&
1273 2017 1478 2072 gesturus)
1509 2021 1646 2061 omni-

317 2070 472 2127 busque
495 2075 692 2129 prol'peris
714 2088 923 2130 exceptus,
946 2074 1068 2120 etiam
1093 2089 1242 2116 nomen
1279 2075 1433 2131 Caesttris
1463 2077 1643 2133 sumpsit.

319 2131 365 2176 ln
402 2132 638 2176 confusione
675 2148 813 2174 rerum
845 2149 890 2174 ac
929 2135 1108 2181 tumultu
1140 2133 1322 2188 Lepidus
1354 2135 1645 2189 pontificatum

316 2190 543 2232 maximum
566 2192 791 2249 intercepit.
856 2192 937 2235 Sed
969 2192 1031 2233 M.
1081 2193 1288 2235 Antonius
1320 2192 1474 2244 consul,
1511 2210 1644 2250 quum

315 2247 563 2301 impotenter
585 2251 882 2302 dominaretur,
918 2251 1133 2306 legemque
1155 2252 1204 2292 de
1226 2252 1526 2306 permutatione
1547 2269 1643 2314 pro-

314 2306 539 2348 vinciarum
558 2324 629 2364 per
653 2309 732 2350 vim
754 2309 915 2359 tulisset,
941 2312 978 2350 &
999 2309 1199 2351 Caesarem
1221 2324 1400 2363 quoque,
1415 2322 1642 2367 petentem,

315 2378 359 2405 ut
383 2367 451 2406 fibi
484 2365 674 2408 adversus
697 2369 944 2422 perculsores
975 2368 1166 2408 avunculi
1196 2368 1356 2417 adesset,
1389 2370 1547 2425 magnis
1579 2371 1641 2416 inf·

310 2424 431 2479 juriis
458 2425 676 2474 affeciffet3
711 2425 857 2474 Caesan
882 2429 919 2467 Sc
947 2426 1029 2474 fibi,
1054 2429 1095 2467 &⁷
1118 2426 1351 2481 reipublicae
1374 2427 1476 2468 vires
1498 2430 1640 2471 adver-

314 2480 381 2522 sus
403 2498 500 2524 eum
524 2495 754 2539 paraturus,
795 2485 994 2526 deductos
1021 2484 1061 2524 in
1084 2486 1263 2526 colonias
1288 2494 1500 2527 veteranos
1522 2489 1638 2533 exci-,

313 2540 424 2581 tavit.
486 2541 690 2598 Legiones
711 2557 876 2596 quoque
899 2554 1041 2596 quarta
1076 2546 1113 2584 8<
1142 2544 1294 2586 Martia
1317 2544 1441 2598 figna,
1477 2546 1528 2586 ab
1546 2548 1636 2587 An-

311 2599 426 2641 tonio
448 2599 498 2639 ad
519 2602 719 2645 Caesarem
738 2603 930 2642 tulerunt.
973 2601 1136 2642 Deinde
1155 2604 1194 2644 δι
1218 2603 1464 2657 complures,
1487 2603 1636 2655 saevitia¹

313 2656 378 2702 M.
405 2660 594 2710 Antonii,
623 2659 760 2715 paffim
785 2659 825 2700 in
848 2659 986 2700 castris
1010 2660 1089 2700 suis
1121 2661 1328 2710 trucidati,
1361 2660 1454 2713 quia
1488 2664 1526 2702 δε
1553 2661 1636 2702 sus-

309 2713 419 2773 pet-sti
458 2729 585 2769 erant,
621 2719 671 2760 ad
711 2717 914 2770 Caesarem
954 2717 1222 2769 desciverunt.
1283 2719 1340 2764 D.
1382 2718 1551 2770 Brutus,
1589 2731 1634 2763 ut

1406 2816 1415 2820 ,
1479 2790 1635 2834 petenti
