1804 3121
233 254 269 294 i„
290 254 309 294 I
330 252 364 293 B
387 250 419 291 E
441 249 481 291 R
536 247 690 290 XLIII.
739 245 775 288 C
802 249 837 289 A
858 246 905 288 P.
954 245 1114 288 XXIII.
1160 250 1346 306 (XXV.)

111 370 238 424 cipes,
261 370 343 423 qui
367 369 574 424 praesentis
600 365 840 410 Archidami
871 364 1116 407 auctoritate
1148 367 1344 422 compulsi
1376 382 1439 409 re-

112 443 205 482 gem
248 429 514 480 arccfflerant‚
558 428 719 469 obviam
756 424 908 482 egresso
946 424 1201 466 Archidamo
1235 425 1439 482 segniores

113 487 231 538 faeti,
253 488 390 528 locum
413 487 585 528 adversae
607 486 780 528 factioni
804 485 1004 525 dederant
1024 484 1075 524 ad
1099 485 1322 539 Popillium
1341 499 1438 524 cum

113 547 226 588 mille
247 546 453 600 peditibus
489 546 537 587 ab
563 544 784 588 Ambracia
816 542 1111 584 arceffendum.
1174 544 1224 583 ln
1255 553 1441 598 tempore

114 607 154 646 ὃ(
176 603 427 654 Dinarchus,
452 605 672 659 praefee’ws
698 602 890 658 equitum
916 601 1051 657 gentis
1074 601 1330 653 AEtolorum‚
1344 616 1440 644 cum

110 661 309 704 sexcentis
330 664 534 719 peditibus
557 669 598 709 δε
621 661 830 718 equitibus
851 669 1020 702 centum
1040 661 1165 704 venit.
1216 661 1322 704 Satis
1341 675 1442 702 con-

113 721 259 772 stabat,
295 737 407 773 eum,
448 733 644 777 tanquam
676 722 727 762 ad
767 719 911 762 Persea
947 720 1204 772 tendentem,
1254 721 1467 771 Stratum,

112 780 277 820 venifl'c:
312 792 470 823 mutato
493 783 639 822 deinde
664 794 758 821 cum
780 778 947 819 fortuna
968 779 1121 829 animo,
1151 779 1353 821 Romanis
1385 779 1441 830 se,

113 837 305 881 adversus
323 855 426 895 quos
449 852 629 892 venerat,
648 838 835 895 junxisse.
896 836 988 879 Nec
1020 837 1220 893 Popillius
1248 839 1442 889 securior,

115 897 239 952 quam
258 899 430 940 debebat
451 900 543 949 effe,
578 900 685 939 inter
704 907 789 938 tam
810 896 978 937 mobilia
999 896 1162 952 ingenia
1185 908 1283 938 erat.
1309 899 1444 939 claves

113 967 324 1010 portarum
347 959 655 1013 custodiamque
678 970 892 997 murorum
909 955 989 997 suae
1003 957 1210 1012 externplo
1233 956 1444 1011 potestatis

115 1014 241 1056 fecit:
274 1016 534 1057 Dinarchum
557 1016 802 1070 AEtolosque
833 1029 930 1056 cum
956 1015 1174 1071 juventute
1195 1015 1444 1057 Stratiorum

115 1073 156 1113 in
186 1089 320 1116 arcem
352 1091 424 1132 per
445 1076 617 1131 praelidii
652 1075 826 1130 speciem
848 1074 1015 1114 amovit.
1078 1073 1263 1123 Perseus,
1295 1073 1345 1115 ab
1367 1074 1445 1114 im-

116 1133 366 1177 minentibus
404 1135 601 1190 superiori
642 1134 748 1189 parti
781 1133 892 1174 urbis
925 1132 1095 1174 tumulis
1117 1133 1283 1175 tentatis
1317 1134 1446 1174 collo-

116 1192 242 1245 quiis,
264 1208 393 1247 quum
415 1194 638 1235 obstinatos
671 1204 792 1247 atque
816 1192 940 1233 etiam
963 1192 1053 1232 telis
1084 1193 1230 1247 procul
1261 1201 1446 1232 arcentes

115 1250 287 1302 videret,
311 1254 492 1307 quinque
527 1253 653 1293 millia
675 1252 858 1306 paffuurn
880 1250 930 1291 ab
952 1250 1052 1291 urbe
1074 1260 1185 1292 trans
1215 1250 1448 1292 Petitarum

117 1323 282 1349 amnem
306 1311 438 1366 posuit
453 1311 593 1352 castra.
656 1310 716 1350 Ibi
729 1309 894 1351 consilio
914 1310 1127 1358 advocato,
1145 1324 1277 1364 quum
1297 1308 1447 1349 Archi-

118 1369 264 1409 damus
286 1370 634 1425 Epirotarumque
657 1371 718 1424 (1)
741 1367 964 1423 transfugae
986 1368 1225 1416 retinerent,
1247 1368 1448 1409 Macedo-

117 1441 219 1468 num
260 1429 464 1484 principes
503 1443 587 1468 non
627 1428 898 1484 pugnandum
940 1440 1036 1467 cum
1077 1424 1226 1466 infesto
1262 1436 1448 1480 tempore

118 1487 215 1526 anni
232 1488 457 1537 censerent,
477 1487 600 1527 nullis
618 1486 852 1542 praeparatis
876 1483 1176 1525 commeatibus
1194 1502 1206 1533 ;
1239 1499 1368 1539 quum
1386 1485 1450 1525 in-

118 1546 255 1601 opiam
280 1543 392 1601 prius
410 1545 653 1596 obsidentes,
676 1543 804 1602 quarn
825 1543 979 1593 obsessi,
997 1543 1148 1584 sensuri
1165 1544 1450 1593 effent,maxi-

120 1602 186 1645 me
208 1604 322 1660 quod
340 1604 518 1645 hostium
538 1606 647 1646 haud
663 1606 807 1660 procul
827 1603 922 1644 inde
936 1602 1109 1643 hiberna
1124 1613 1267 1653 erant3
1291 1605 1354 1658 (2)
1369 1613 1450 1643 ter-

120 1664 224 1706 ritus
247 1665 288 1704 in
312 1663 582 1719 Aperantiam
603 1665 731 1706 castra
753 1663 896 1704 movit.
913 1661 1130 1717 Aperantii
1147 1675 1260 1712 eum,
1282 1671 1450 1716 propter

121 1723 363 1764 Archidami
386 1737 574 1778 magnam
595 1724 637 1764 in
659 1724 704 1764 ea
725 1733 846 1779 gente
863 1721 1036 1778 gratiam
1057 1719 1451 1775 auitoritatemque,

119 1782 317 1826 consensu
349 1782 534 1822 omnium
573 1791 846 1837 acceperunt:
884 1781 916 1821 is
957 1779 1039 1834 ipse
1070 1793 1168 1822 cum
1188 1779 1451 1836 octingento-

121 1855 212 1882 rum
232 1842 409 1882 militurn
433 1842 619 1895 praefidio
639 1841 704 1883 his
726 1841 782 1881 est
804 1839 1056 1895 praepofitUS.

180 1900 339 1943 XXIII.
373 1901 556 1957 (XXV.)
592 1901 690 1942 Rex
726 1913 821 1941 cum
845 1901 908 1954 (1)
940 1898 1099 1939 minore
1133 1897 1347 1939 vexatione
1385 1898 1452 1954 J‘u-

123 1971 358 2000 mentorum
380 1960 698 2014 hominumque,
726 1957 851 2013 quam
879 1967 1058 2006 venerat,
1091 1956 1133 1996 in
1157 1956 1452 2000 Macedoniam

121 2019 257 2059 rediit.
320 2019 509 2074 Appium
544 2029 683 2059 tamen
719 2019 770 2058 ab
792 2017 1000 2057 obsidione
1031 2015 1231 2057 Phanotis
1254 2019 1316 2071 (2)
1341 2015 1452 2056 fama

1589 262 1668 306 ¹39

124 2078 313 2118 ducentis
337 2080 387 2119 ad
409 2078 593 2119 Stratum
615 2076 750 2118 Persei
772 2075 989 2116 submovit.
1050 2074 1212 2120 (Πᾶνας,
1235 2090 1332 2116 cum
1349 2090 1452 2130 prae-
1474 2085 1575 2116 Cle-m
1597 2083 1682 2114 Μα..

123 2137 223 2178 sidio
238 2136 508 2193 impigrorum
526 2137 728 2193 juvenum
757 2135 980 2183 insecutus,
1002 2133 1075 2175 sub
1095 2133 1301 2175 radicibus
1324 2131 1452 2189 prope
1471 2129 1680 2174 “dssssi‘g‘stss

124 2196 242 2238 inviis
265 2196 472 2236 montium
504 2197 552 2236 ad
583 2196 694 2235 mille
730 2194 949 2235 hominum
977 2207 1028 2234 ex
1060 2193 1223 2249 agmine
1254 2193 1453 2248 impedito

122 2255 292 2305 occidit,
313 2256 364 2295 ad
400 2257 601 2296 ducentos
622 2254 743 2308 cepit.
806 2253 984 2307 Appius,
1016 2251 1212 2307 superatis
1244 2252 1455 2307 angustiis,

124 2313 168 2353 in
184 2329 347 2369 campo,
369 2328 493 2368 quem
516 2314 683 2355 Elaeona
703 2323 866 2361 vocant,
885 2311 1026 2353 stativa
1049 2311 1210 2352 dierum
1229 2325 1459 2364 paucorum.

125 2372 281 2415 habuit.
333 2373 504 2413 Interim
526 2373 686 2423 (Πᾶνας,
709 2371 908 2427 assumpto
929 2369 1193 2421 Philostrato,
1215 2369 1286 2423 qui
1308 2369 1456 2424 Epiro-

1320 2438 1457 2470 tarum

174 2548 214 2581 C.
231 2558 288 2583 22.
325 2550 383 2592 (ι)
407 2551 470 2581 Eos
485 2548 643 2592 intellige,
667 2548 722 2590 qui
740 2559 778 2580 ex
794 2547 937 2580 factione
956 2545 1092 2590 Cephali
1116 2549 1333 2592 erant‚supra
1354 2560 1382 2581 c.
1403 2548 1456 2581 18.

128 2595 322 2629 memorati:
349 2595 407 2627 nisi
426 2598 512 2626 forte
540 2593 594 2626 hic
612 2605 745 2636 qunque
762 2594 940 2635 legendum
959 2593 1001 2624 est
1026 2595 1204 2626 AEtolorum.
1246 2596 1324 2627 Vid.
1341 2603 1410 2629 not.
1427 2596 1458 2632 6.

127 2652 200 2684 cap‚
226 2652 321 2684 praec.
341 2643 398 2683 (2)
413 2640 549 2678 Melius,
575 2641 611 2671 ni
630 2640 736 2677 fallor,
759 2650 875 2677 vocem
899 2642 1018 2671 territus
1044 2639 1230 2672 Crevierius
1250 2641 1359 2685 jungit
1380 2651 1457 2673 cum

126 2687 408 2731 pr'aecedentibu93
433 2694 469 2719 ut
486 2686 535 2724 fit,
551 2697 590 2719 eo
607 2686 744 2718 maxime
762 2685 909 2724 territus,
918 2683 1010 2726 quod
1023 2684 1162 2718 hostium
1180 2688 1242 2719 διε.

177 2735 218 2766 C.
238 2744 290 2775 23.
325 2735 383 2776 (ι)
401 2731 541 2764 Fortasse
567 2732 740 2774 legendum
767 2744 826 2763 cum
851 2744 904 2764 ηοη
922 2733 1039 2762 minore.
1084 2732 1137 2764 De
1157 2741 1235 2765 voce
1256 2737 1373 2766 vexatio
1391 2733 1459 2764 vid.

126 2787 199 2817 μοι.
215 2789 247 2819 1,
267 2780 350 2815 ade.
367 2789 422 2822 55,
441 2778 461 2813 l.
479 2787 533 2821 42.
549 2778 657 2822 supra.
704 2778 758 2822 (2)
775 2778 861 2820 Lege
881 2777 1030 2820 Phasma,
1043 2778 1096 2814 vei
1109 2779 1263 2818 Pharum-r,
1289 2779 1367 2813 Vid.
1387 2788 1459 2811 not.

1361 2835 1392 2864 4-
1414 2824 1459 2862 aa
