<?xml version="1.0" encoding="UTF-8"?>
<!DOCTYPE html PUBLIC "-//W3C//DTD XHTML 1.0 Transitional//EN"
    "http://www.w3.org/TR/xhtml1/DTD/xhtml1-transitional.dtd">
<html xmlns="http://www.w3.org/1999/xhtml" xml:lang="en" lang="en">
 <head>
  <title>
</title>
<meta http-equiv="Content-Type" content="text/html;charset=utf-8" />
  <meta name='ocr-system' content='tesseract 3.04.00' />
  <meta name='ocr-capabilities' content='ocr_page ocr_carea ocr_par ocr_line ocrx_word'/>
</head>
<body>
  <div class='ocr_page' id='page_1' title='image "./historiaeromanae04livyuoft/historiaeromanae04livyuoft_0482.png"; bbox 0 0 1794 3121; ppageno 0'>
   <div class='ocr_carea' id='block_1_1' title="bbox 97 201 839 254">
    <p class='ocr_par' dir='ltr' id='par_1_1' title="bbox 97 201 839 254">
     <span class='ocr_line' id='line_1_1' title="bbox 97 201 839 254; baseline 0.009 -17"><span class='ocrx_word' id='word_1_1' title='bbox 97 209 185 254; x_wconf 67' lang='lat'>470</span> <span class='ocrx_word' id='word_1_2' title='bbox 604 201 625 242; x_wconf 95' lang='grc' dir='ltr'><strong>Ι</strong></span> <span class='ocrx_word' id='word_1_3' title='bbox 688 202 733 243; x_wconf 90' lang='grc' dir='ltr'>Ν</span> <span class='ocrx_word' id='word_1_4' title='bbox 795 201 839 244; x_wconf 89' lang='grc' dir='ltr'>Ι)</span> 
     </span>
    </p>
   </div>
   <div class='ocr_carea' id='block_1_2' title="bbox 106 323 836 2739">
    <p class='ocr_par' dir='ltr' id='par_1_2' title="bbox 167 323 835 675">
     <span class='ocr_line' id='line_1_2' title="bbox 167 323 833 385; baseline 0.008 -20"><span class='ocrx_word' id='word_1_5' title='bbox 167 333 245 365; x_wconf 82' lang='lat' dir='ltr'>tus</span> <span class='ocrx_word' id='word_1_6' title='bbox 256 323 457 380; x_wconf 85' lang='lat' dir='ltr'>Ephesmi,</span> <span class='ocrx_word' id='word_1_7' title='bbox 480 324 570 368; x_wconf 82' lang='lat' dir='ltr'><em>ibid.</em></span> <span class='ocrx_word' id='word_1_8' title='bbox 592 325 634 367; x_wconf 84' lang='lat' dir='ltr'>in</span> <span class='ocrx_word' id='word_1_9' title='bbox 661 327 833 385; x_wconf 82' lang='lat' dir='ltr'>Lyciam</span> 
     </span>
     <span class='ocr_line' id='line_1_3' title="bbox 146 383 834 444; baseline 0.005 -19.102"><span class='ocrx_word' id='word_1_10' title='bbox 146 383 304 427; x_wconf 75' lang='lat' dir='ltr'>,missus</span> <span class='ocrx_word' id='word_1_11' title='bbox 319 383 434 440; x_wconf 84' lang='lat' dir='ltr'>fugat</span> <span class='ocrx_word' id='word_1_12' title='bbox 453 384 483 424; x_wconf 76' lang='grc' dir='ltr'><strong><em>Ι</em></strong></span> <span class='ocrx_word' id='word_1_13' title='bbox 472 385 612 440; x_wconf 89' lang='lat' dir='ltr'>ycios,</span> <span class='ocrx_word' id='word_1_14' title='bbox 637 390 701 428; x_wconf 90' lang='lat'><strong>16.</strong></span> <span class='ocrx_word' id='word_1_15' title='bbox 725 389 834 444; x_wconf 86' lang='lat' dir='ltr'>lega-</span> 
     </span>
     <span class='ocr_line' id='line_1_4' title="bbox 169 443 834 501; baseline 0.006 -18"><span class='ocrx_word' id='word_1_16' title='bbox 169 453 236 483; x_wconf 87' lang='lat' dir='ltr'>tus</span> <span class='ocrx_word' id='word_1_17' title='bbox 251 443 300 482; x_wconf 87' lang='lat' dir='ltr'>ad</span> <span class='ocrx_word' id='word_1_18' title='bbox 331 443 526 493; x_wconf 76' lang='lat' dir='ltr'>Prufiam‚</span> <span class='ocrx_word' id='word_1_19' title='bbox 546 444 749 501; x_wconf 78' lang='lat' dir='ltr'>Bithyniae</span> <span class='ocrx_word' id='word_1_20' title='bbox 773 461 834 487; x_wconf 90' lang='lat' dir='ltr'>re-</span> 
     </span>
     <span class='ocr_line' id='line_1_5' title="bbox 170 503 835 557; baseline 0.008 -17"><span class='ocrx_word' id='word_1_21' title='bbox 170 516 282 557; x_wconf 86' lang='lat' dir='ltr'><strong>gem,</strong></span> <span class='ocrx_word' id='word_1_22' title='bbox 307 503 459 549; x_wconf 74' lang='lat' dir='ltr'>missus,</span> <span class='ocrx_word' id='word_1_23' title='bbox 476 505 653 544; x_wconf 87' lang='lat' dir='ltr'>eundem</span> <span class='ocrx_word' id='word_1_24' title='bbox 672 516 835 546; x_wconf 85' lang='lat' dir='ltr'>revocat</span> 
     </span>
     <span class='ocr_line' id='line_1_6' title="bbox 172 561 835 616; baseline 0.006 -15"><span class='ocrx_word' id='word_1_25' title='bbox 172 562 221 601; x_wconf 85' lang='lat' dir='ltr'>ad</span> <span class='ocrx_word' id='word_1_26' title='bbox 244 561 405 603; x_wconf 80' lang='lat' dir='ltr'>consilia</span> <span class='ocrx_word' id='word_1_27' title='bbox 433 561 560 616; x_wconf 77' lang='lat' dir='ltr'>pacis,</span> <span class='ocrx_word' id='word_1_28' title='bbox 584 576 653 616; x_wconf 80' lang='lat'>25.</span> <span class='ocrx_word' id='word_1_29' title='bbox 677 575 835 605; x_wconf 84' lang='lat' dir='ltr'>creatur</span> 
     </span>
     <span class='ocr_line' id='line_1_7' title="bbox 170 620 611 675; baseline 0.002 -14"><span class='ocrx_word' id='word_1_30' title='bbox 170 620 328 672; x_wconf 86' lang='lat' dir='ltr'>consul,</span> <span class='ocrx_word' id='word_1_31' title='bbox 346 621 520 660; x_wconf 75' lang='lat' dir='ltr'>xxxviii.</span> <span class='ocrx_word' id='word_1_32' title='bbox 543 634 611 675; x_wconf 85' lang='lat'>35.</span> 
     </span>
    </p>

    <p class='ocr_par' dir='ltr' id='par_1_3' title="bbox 114 677 831 778">
     <span class='ocr_line' id='line_1_8' title="bbox 114 677 831 736; baseline 0.004 -17"><span class='ocrx_word' id='word_1_33' title='bbox 114 677 164 719; x_wconf 91' lang='lat' dir='ltr'>L.</span> <span class='ocrx_word' id='word_1_34' title='bbox 195 678 350 729; x_wconf 83' lang='lat' dir='ltr'>Livius,</span> <span class='ocrx_word' id='word_1_35' title='bbox 387 680 732 736; x_wconf 62' lang='lat' dir='ltr'>tribunusplebis,</span> <span class='ocrx_word' id='word_1_36' title='bbox 769 682 831 722; x_wconf 79' lang='lat' dir='ltr'>ix.</span> 
     </span>
     <span class='ocr_line' id='line_1_9' title="bbox 174 740 212 778; baseline 0 0"><span class='ocrx_word' id='word_1_37' title='bbox 174 740 212 778; x_wconf 89' lang='lat'>8.</span> 
     </span>
    </p>

    <p class='ocr_par' dir='ltr' id='par_1_4' title="bbox 113 795 836 904">
     <span class='ocr_line' id='line_1_10' title="bbox 113 795 836 855; baseline 0.001 -18"><span class='ocrx_word' id='word_1_38' title='bbox 113 795 178 837; x_wconf 89' lang='lat' dir='ltr'><strong>M.</strong></span> <span class='ocrx_word' id='word_1_39' title='bbox 210 795 369 846; x_wconf 80' lang='lat' dir='ltr'>Livius,</span> <span class='ocrx_word' id='word_1_40' title='bbox 425 797 583 852; x_wconf 83' lang='lat' dir='ltr'>legatus</span> <span class='ocrx_word' id='word_1_41' title='bbox 624 798 836 855; x_wconf 79' lang='lat' dir='ltr'>Carthagi-</span> 
     </span>
     <span class='ocr_line' id='line_1_11' title="bbox 151 856 645 904; baseline 0.007 -8.124"><span class='ocrx_word' id='word_1_42' title='bbox 151 869 264 896; x_wconf 87' lang='lat' dir='ltr'>nem</span> <span class='ocrx_word' id='word_1_43' title='bbox 284 856 436 904; x_wconf 82' lang='lat' dir='ltr'>missus,</span> <span class='ocrx_word' id='word_1_44' title='bbox 461 859 645 899; x_wconf 76' lang='lat' dir='ltr'><strong>xxi.18.</strong></span> 
     </span>
    </p>

    <p class='ocr_par' dir='ltr' id='par_1_5' title="bbox 165 914 836 1840">
     <span class='ocr_line' id='line_1_12' title="bbox 225 914 833 968; baseline 0.002 -14"><span class='ocrx_word' id='word_1_45' title='bbox 225 914 371 954; x_wconf 59' lang='lat' dir='ltr'>oetavo</span> <span class='ocrx_word' id='word_1_46' title='bbox 403 914 491 968; x_wconf 88' lang='lat' dir='ltr'>post</span> <span class='ocrx_word' id='word_1_47' title='bbox 530 917 833 957; x_wconf 81' lang='lat' dir='ltr'>damnationem</span> 
     </span>
     <span class='ocr_line' id='line_1_13' title="bbox 169 973 834 1015; baseline 0.005 -4"><span class='ocrx_word' id='word_1_48' title='bbox 169 986 278 1012; x_wconf 78' lang='lat' dir='ltr'>anno</span> <span class='ocrx_word' id='word_1_49' title='bbox 312 973 521 1015; x_wconf 74' lang='lat' dir='ltr'><strong>reducitur</strong></span> <span class='ocrx_word' id='word_1_50' title='bbox 550 990 571 1014; x_wconf 92' lang='lat' dir='ltr'>a</span> <span class='ocrx_word' id='word_1_51' title='bbox 599 974 834 1014; x_wconf 80' lang='lat' dir='ltr'>consulibus</span> 
     </span>
     <span class='ocr_line' id='line_1_14' title="bbox 170 1030 835 1087; baseline 0.005 -17"><span class='ocrx_word' id='word_1_52' title='bbox 170 1030 212 1070; x_wconf 86' lang='lat' dir='ltr'>in</span> <span class='ocrx_word' id='word_1_53' title='bbox 264 1031 435 1082; x_wconf 68' lang='lat' dir='ltr'>urbem,</span> <span class='ocrx_word' id='word_1_54' title='bbox 477 1035 598 1073; x_wconf 75' lang='lat' dir='ltr'>xxvii.</span> <span class='ocrx_word' id='word_1_55' title='bbox 653 1046 722 1087; x_wconf 73' lang='lat'>34.</span> <span class='ocrx_word' id='word_1_56' title='bbox 761 1047 835 1087; x_wconf 88' lang='lat' dir='ltr'>pro</span> 
     </span>
     <span class='ocr_line' id='line_1_15' title="bbox 169 1091 836 1143; baseline 0.006 -15"><span class='ocrx_word' id='word_1_57' title='bbox 169 1100 360 1143; x_wconf 87' lang='lat' dir='ltr'>cognato,</span> <span class='ocrx_word' id='word_1_58' title='bbox 405 1091 465 1131; x_wconf 87' lang='lat' dir='ltr'>M.</span> <span class='ocrx_word' id='word_1_59' title='bbox 498 1092 615 1132; x_wconf 88' lang='lat' dir='ltr'>Livio</span> <span class='ocrx_word' id='word_1_60' title='bbox 653 1096 836 1141; x_wconf 57' lang='lat' dir='ltr'>runcato,</span> 
     </span>
     <span class='ocr_line' id='line_1_16' title="bbox 168 1148 835 1200; baseline 0.004 -12"><span class='ocrx_word' id='word_1_61' title='bbox 168 1148 267 1188; x_wconf 87' lang='lat' dir='ltr'>dicit</span> <span class='ocrx_word' id='word_1_62' title='bbox 286 1149 325 1188; x_wconf 92' lang='lat' dir='ltr'>in</span> <span class='ocrx_word' id='word_1_63' title='bbox 350 1149 502 1200; x_wconf 83' lang='lat' dir='ltr'>senatu,</span> <span class='ocrx_word' id='word_1_64' title='bbox 524 1152 610 1191; x_wconf 70' lang='lat' dir='ltr'>ibid,</span> <span class='ocrx_word' id='word_1_65' title='bbox 626 1151 674 1191; x_wconf 86' lang='lat' dir='ltr'>ad</span> <span class='ocrx_word' id='word_1_66' title='bbox 693 1151 835 1191; x_wconf 88' lang='lat' dir='ltr'>secun-</span> 
     </span>
     <span class='ocr_line' id='line_1_17' title="bbox 167 1207 834 1264; baseline 0.004 -18"><span class='ocrx_word' id='word_1_67' title='bbox 167 1207 267 1247; x_wconf 87' lang='lat' dir='ltr'>dum</span> <span class='ocrx_word' id='word_1_68' title='bbox 283 1208 538 1248; x_wconf 84' lang='lat' dir='ltr'>consulatum</span> <span class='ocrx_word' id='word_1_69' title='bbox 562 1224 664 1264; x_wconf 85' lang='lat' dir='ltr'>pene</span> <span class='ocrx_word' id='word_1_70' title='bbox 683 1210 834 1249; x_wconf 87' lang='lat' dir='ltr'>invitus</span> 
     </span>
     <span class='ocr_line' id='line_1_18' title="bbox 167 1268 836 1325; baseline 0.004 -19"><span class='ocrx_word' id='word_1_71' title='bbox 167 1268 435 1320; x_wconf 75' lang='lat' dir='ltr'>protrahitur,</span> <span class='ocrx_word' id='word_1_72' title='bbox 459 1268 546 1308; x_wconf 70' lang='lat' dir='ltr'>1l2id.</span> <span class='ocrx_word' id='word_1_73' title='bbox 579 1284 684 1325; x_wconf 85' lang='lat' dir='ltr'>aegre</span> <span class='ocrx_word' id='word_1_74' title='bbox 716 1269 753 1309; x_wconf 88' lang='lat' dir='ltr'>se</span> <span class='ocrx_word' id='word_1_75' title='bbox 775 1283 836 1309; x_wconf 90' lang='lat' dir='ltr'>re-</span> 
     </span>
     <span class='ocr_line' id='line_1_19' title="bbox 168 1325 835 1380; baseline 0.003 -15"><span class='ocrx_word' id='word_1_76' title='bbox 168 1325 374 1366; x_wconf 83' lang='lat' dir='ltr'>conciliari</span> <span class='ocrx_word' id='word_1_77' title='bbox 417 1327 571 1380; x_wconf 86' lang='lat' dir='ltr'>patitur</span> <span class='ocrx_word' id='word_1_78' title='bbox 611 1342 707 1369; x_wconf 80' lang='lat' dir='ltr'>eum</span> <span class='ocrx_word' id='word_1_79' title='bbox 751 1328 835 1367; x_wconf 83' lang='lat' dir='ltr'>Ne-</span> 
     </span>
     <span class='ocr_line' id='line_1_20' title="bbox 168 1387 835 1440; baseline 0.001 -15"><span class='ocrx_word' id='word_1_80' title='bbox 168 1397 269 1425; x_wconf 79' lang='lat' dir='ltr'>rone</span> <span class='ocrx_word' id='word_1_81' title='bbox 288 1387 459 1440; x_wconf 84' lang='lat' dir='ltr'><strong>collega,</strong></span> <span class='ocrx_word' id='word_1_82' title='bbox 483 1399 554 1440; x_wconf 85' lang='lat'>35.</span> <span class='ocrx_word' id='word_1_83' title='bbox 598 1387 668 1427; x_wconf 87' lang='lat' dir='ltr'>irae</span> <span class='ocrx_word' id='word_1_84' title='bbox 690 1388 835 1440; x_wconf 83' lang='lat' dir='ltr'>plenus</span> 
     </span>
     <span class='ocr_line' id='line_1_21' title="bbox 166 1443 835 1500; baseline 0.003 -18"><span class='ocrx_word' id='word_1_85' title='bbox 166 1443 302 1484; x_wconf 82' lang='lat' dir='ltr'>adhuc</span> <span class='ocrx_word' id='word_1_86' title='bbox 331 1444 372 1483; x_wconf 91' lang='lat' dir='ltr'>in</span> <span class='ocrx_word' id='word_1_87' title='bbox 406 1445 527 1495; x_wconf 87' lang='lat' dir='ltr'>cives,</span> <span class='ocrx_word' id='word_1_88' title='bbox 564 1445 835 1500; x_wconf 81' lang='lat' dir='ltr'>proficiscitur</span> 
     </span>
     <span class='ocr_line' id='line_1_22' title="bbox 166 1501 835 1560; baseline 0 -17"><span class='ocrx_word' id='word_1_89' title='bbox 166 1502 218 1543; x_wconf 79' lang='lat' dir='ltr'>ad</span> <span class='ocrx_word' id='word_1_90' title='bbox 250 1501 419 1552; x_wconf 87' lang='lat' dir='ltr'>bellurn,</span> <span class='ocrx_word' id='word_1_91' title='bbox 456 1518 525 1553; x_wconf 82' lang='lat'><strong>40.</strong></span> <span class='ocrx_word' id='word_1_92' title='bbox 556 1504 716 1559; x_wconf 65' lang='lat' dir='ltr'>egregia</span> <span class='ocrx_word' id='word_1_93' title='bbox 747 1506 835 1560; x_wconf 90' lang='lat' dir='ltr'>ejus</span> 
     </span>
     <span class='ocr_line' id='line_1_23' title="bbox 165 1560 834 1615; baseline 0.006 -15"><span class='ocrx_word' id='word_1_94' title='bbox 165 1560 333 1602; x_wconf 68' lang='lat' dir='ltr'>vietoxia</span> <span class='ocrx_word' id='word_1_95' title='bbox 350 1563 400 1602; x_wconf 91' lang='lat' dir='ltr'>de</span> <span class='ocrx_word' id='word_1_96' title='bbox 421 1561 662 1612; x_wconf 76' lang='lat' dir='ltr'>Asdrubale,</span> <span class='ocrx_word' id='word_1_97' title='bbox 686 1568 834 1615; x_wconf 75' lang='lat'><strong>46-49-</strong></span> 
     </span>
     <span class='ocr_line' id='line_1_24' title="bbox 167 1620 835 1677; baseline 0.004 -18"><span class='ocrx_word' id='word_1_98' title='bbox 167 1620 408 1675; x_wconf 86' lang='lat' dir='ltr'>triumphat,</span> <span class='ocrx_word' id='word_1_99' title='bbox 446 1623 586 1662; x_wconf 78' lang='lat' dir='ltr'>xxviii</span> <span class='ocrx_word' id='word_1_100' title='bbox 630 1638 672 1677; x_wconf 89' lang='lat'>9.</span> <span class='ocrx_word' id='word_1_101' title='bbox 706 1621 835 1662; x_wconf 63' lang='lat' dir='ltr'>dusta-</span> 
     </span>
     <span class='ocr_line' id='line_1_25' title="bbox 167 1681 831 1723; baseline 0.003 -5"><span class='ocrx_word' id='word_1_102' title='bbox 167 1688 232 1718; x_wconf 88' lang='lat' dir='ltr'>tor</span> <span class='ocrx_word' id='word_1_103' title='bbox 252 1690 428 1722; x_wconf 81' lang='lat' dir='ltr'>creatur.</span> <span class='ocrx_word' id='word_1_104' title='bbox 458 1695 519 1723; x_wconf 88' lang='lat'><strong>10.</strong></span> <span class='ocrx_word' id='word_1_105' title='bbox 544 1681 580 1721; x_wconf 86' lang='lat' dir='ltr'>ei</span> <span class='ocrx_word' id='word_1_106' title='bbox 604 1682 644 1721; x_wconf 90' lang='lat' dir='ltr'>in</span> <span class='ocrx_word' id='word_1_107' title='bbox 675 1694 831 1721; x_wconf 85' lang='lat' dir='ltr'>annum</span> 
     </span>
     <span class='ocr_line' id='line_1_26' title="bbox 166 1741 800 1794; baseline 0.005 -17"><span class='ocrx_word' id='word_1_108' title='bbox 166 1749 434 1793; x_wconf 83' lang='lat' dir='ltr'>prorogatum</span> <span class='ocrx_word' id='word_1_109' title='bbox 459 1741 689 1794; x_wconf 77' lang='lat' dir='ltr'>imperium,</span> <span class='ocrx_word' id='word_1_110' title='bbox 712 1741 800 1781; x_wconf 82' lang='lat' dir='ltr'>ibid.</span> 
     </span>
     <span class='ocr_line' id='line_1_27' title="bbox 225 1798 832 1840; baseline 0.002 -3"><span class='ocrx_word' id='word_1_111' title='bbox 225 1799 436 1838; x_wconf 59' lang='lat' dir='ltr'>xfolonum</span> <span class='ocrx_word' id='word_1_112' title='bbox 489 1801 716 1840; x_wconf 85' lang='lat' dir='ltr'>exercitum</span> <span class='ocrx_word' id='word_1_113' title='bbox 791 1798 832 1838; x_wconf 90' lang='lat' dir='ltr'>in</span> 
     </span>
    </p>

    <p class='ocr_par' dir='ltr' id='par_1_6' title="bbox 163 1855 833 2500">
     <span class='ocr_line' id='line_1_28' title="bbox 167 1855 832 1906; baseline -0.003 -8"><span class='ocrx_word' id='word_1_114' title='bbox 167 1855 353 1898; x_wconf 84' lang='lat' dir='ltr'>Galliam</span> <span class='ocrx_word' id='word_1_115' title='bbox 376 1870 430 1896; x_wconf 84' lang='lat' dir='ltr'>ex</span> <span class='ocrx_word' id='word_1_116' title='bbox 458 1858 617 1898; x_wconf 84' lang='lat' dir='ltr'>Etruria</span> <span class='ocrx_word' id='word_1_117' title='bbox 641 1856 832 1906; x_wconf 76' lang='lat' dir='ltr'>traducit,</span> 
     </span>
     <span class='ocr_line' id='line_1_29' title="bbox 168 1917 833 1972; baseline 0.005 -19"><span class='ocrx_word' id='word_1_118' title='bbox 168 1917 294 1954; x_wconf 75' lang='lat' dir='ltr'>xxix.</span> <span class='ocrx_word' id='word_1_119' title='bbox 320 1929 358 1969; x_wconf 82' lang='grc'><strong>5.</strong></span> <span class='ocrx_word' id='word_1_120' title='bbox 382 1919 414 1957; x_wconf 84' lang='lat' dir='ltr'>ei</span> <span class='ocrx_word' id='word_1_121' title='bbox 439 1929 680 1972; x_wconf 79' lang='lat' dir='ltr'>prorogatur</span> <span class='ocrx_word' id='word_1_122' title='bbox 703 1919 833 1970; x_wconf 89' lang='lat' dir='ltr'>impe-</span> 
     </span>
     <span class='ocr_line' id='line_1_30' title="bbox 164 1973 832 2028; baseline 0.003 -16"><span class='ocrx_word' id='word_1_123' title='bbox 164 1973 288 2023; x_wconf 86' lang='lat' dir='ltr'>rium,</span> <span class='ocrx_word' id='word_1_124' title='bbox 320 1987 381 2027; x_wconf 80' lang='lat'>13.</span> <span class='ocrx_word' id='word_1_125' title='bbox 406 1987 565 2016; x_wconf 84' lang='lat' dir='ltr'>creatur</span> <span class='ocrx_word' id='word_1_126' title='bbox 583 1975 738 2023; x_wconf 86' lang='lat' dir='ltr'>censor,</span> <span class='ocrx_word' id='word_1_127' title='bbox 761 1987 832 2028; x_wconf 85' lang='lat'><strong>37.</strong></span> 
     </span>
     <span class='ocr_line' id='line_1_31' title="bbox 165 2032 831 2089; baseline 0.002 -16"><span class='ocrx_word' id='word_1_128' title='bbox 165 2032 404 2077; x_wconf 78' lang='lat' dir='ltr'>Salinatoris</span> <span class='ocrx_word' id='word_1_129' title='bbox 437 2048 561 2088; x_wconf 85' lang='lat' dir='ltr'>quare</span> <span class='ocrx_word' id='word_1_130' title='bbox 600 2049 831 2089; x_wconf 81' lang='lat' dir='ltr'>cognomen</span> 
     </span>
     <span class='ocr_line' id='line_1_32' title="bbox 165 2091 830 2149; baseline 0.005 -19"><span class='ocrx_word' id='word_1_131' title='bbox 165 2091 366 2132; x_wconf 82' lang='lat' dir='ltr'>invenerit</span> <span class='ocrx_word' id='word_1_132' title='bbox 407 2094 497 2133; x_wconf 74' lang='lat' dir='ltr'>ibid.</span> <span class='ocrx_word' id='word_1_133' title='bbox 535 2107 702 2147; x_wconf 84' lang='lat' dir='ltr'>pravum</span> <span class='ocrx_word' id='word_1_134' title='bbox 741 2094 830 2149; x_wconf 86' lang='lat' dir='ltr'>ejus</span> 
     </span>
     <span class='ocr_line' id='line_1_33' title="bbox 163 2154 831 2207; baseline -0.001 -14"><span class='ocrx_word' id='word_1_135' title='bbox 163 2155 372 2193; x_wconf 76' lang='lat' dir='ltr'>certamen</span> <span class='ocrx_word' id='word_1_136' title='bbox 414 2165 507 2192; x_wconf 86' lang='lat' dir='ltr'>cum</span> <span class='ocrx_word' id='word_1_137' title='bbox 551 2154 706 2207; x_wconf 60' lang='lat' dir='ltr'>collega</span> <span class='ocrx_word' id='word_1_138' title='bbox 756 2159 831 2192; x_wconf 55' lang='lat' dir='ltr'>‘w&#39;e-</span> 
     </span>
     <span class='ocr_line' id='line_1_34' title="bbox 163 2210 830 2265; baseline 0 -14"><span class='ocrx_word' id='word_1_139' title='bbox 163 2223 278 2260; x_wconf 86' lang='lat' dir='ltr'>rone,</span> <span class='ocrx_word' id='word_1_140' title='bbox 334 2210 424 2250; x_wconf 82' lang='lat' dir='ltr'>ibid.</span> <span class='ocrx_word' id='word_1_141' title='bbox 472 2221 622 2265; x_wconf 74' lang='lat' dir='ltr'>praeter</span> <span class='ocrx_word' id='word_1_142' title='bbox 676 2210 830 2251; x_wconf 87' lang='lat' dir='ltr'>tribum</span> 
     </span>
     <span class='ocr_line' id='line_1_35' title="bbox 166 2269 830 2325; baseline -0.002 -15"><span class='ocrx_word' id='word_1_143' title='bbox 166 2269 381 2317; x_wconf 72' lang='lat' dir='ltr'>Maeciam,</span> <span class='ocrx_word' id='word_1_144' title='bbox 434 2270 632 2325; x_wconf 87' lang='lat' dir='ltr'>populum</span> <span class='ocrx_word' id='word_1_145' title='bbox 673 2270 830 2309; x_wconf 89' lang='lat' dir='ltr'>Roma-</span> 
     </span>
     <span class='ocr_line' id='line_1_36' title="bbox 165 2329 829 2383; baseline 0.002 -17"><span class='ocrx_word' id='word_1_146' title='bbox 165 2341 264 2367; x_wconf 88' lang='lat' dir='ltr'>num</span> <span class='ocrx_word' id='word_1_147' title='bbox 288 2342 469 2378; x_wconf 88' lang='lat' dir='ltr'>omnem,</span> <span class='ocrx_word' id='word_1_148' title='bbox 490 2337 666 2383; x_wconf 56' lang='lat' dir='ltr'>quatuor</span> <span class='ocrx_word' id='word_1_149' title='bbox 692 2330 728 2368; x_wconf 74' lang='lat'>8&lt;</span> <span class='ocrx_word' id='word_1_150' title='bbox 757 2329 829 2367; x_wconf 83' lang='lat' dir='ltr'>tri-</span> 
     </span>
     <span class='ocr_line' id='line_1_37' title="bbox 163 2386 827 2440; baseline 0.003 -16"><span class='ocrx_word' id='word_1_151' title='bbox 163 2386 276 2440; x_wconf 82' lang='lat' dir='ltr'>ginta</span> <span class='ocrx_word' id='word_1_152' title='bbox 292 2386 604 2435; x_wconf 81' lang='lat' dir='ltr'>tribus,aerarios</span> <span class='ocrx_word' id='word_1_153' title='bbox 620 2387 827 2439; x_wconf 76' lang='lat' dir='ltr'>relinquit,</span> 
     </span>
     <span class='ocr_line' id='line_1_38' title="bbox 164 2445 826 2500; baseline 0.003 -16"><span class='ocrx_word' id='word_1_154' title='bbox 164 2445 254 2486; x_wconf 81' lang='lat' dir='ltr'>ibid.</span> <span class='ocrx_word' id='word_1_155' title='bbox 271 2446 352 2486; x_wconf 86' lang='lat' dir='ltr'>vid.</span> <span class='ocrx_word' id='word_1_156' title='bbox 374 2446 584 2488; x_wconf 62' lang='lat' dir='ltr'>&amp;204va</span> <span class='ocrx_word' id='word_1_157' title='bbox 603 2446 826 2500; x_wconf 52' lang='lat' dir='ltr'>3fi.xxxix.</span> 
     </span>
    </p>

    <p class='ocr_par' dir='ltr' id='par_1_7' title="bbox 106 2561 828 2739">
     <span class='ocr_line' id='line_1_39' title="bbox 106 2561 827 2614; baseline 0 -10"><span class='ocrx_word' id='word_1_158' title='bbox 106 2564 172 2605; x_wconf 86' lang='lat' dir='ltr'><strong>M.</strong></span> <span class='ocrx_word' id='word_1_159' title='bbox 215 2561 356 2603; x_wconf 86' lang='lat' dir='ltr'>Livius</span> <span class='ocrx_word' id='word_1_160' title='bbox 399 2563 628 2606; x_wconf 85' lang='lat' dir='ltr'>Tarentum</span> <span class='ocrx_word' id='word_1_161' title='bbox 673 2573 827 2614; x_wconf 87' lang='lat' dir='ltr'>tuetur,</span> 
     </span>
     <span class='ocr_line' id='line_1_40' title="bbox 164 2620 828 2677; baseline 0 -14"><span class='ocrx_word' id='word_1_162' title='bbox 164 2620 280 2663; x_wconf 71' lang='lat' dir='ltr'>xxiv.</span> <span class='ocrx_word' id='word_1_163' title='bbox 306 2634 374 2662; x_wconf 86' lang='lat'><strong>20.</strong></span> <span class='ocrx_word' id='word_1_164' title='bbox 396 2621 495 2662; x_wconf 86' lang='lat' dir='ltr'>urbe</span> <span class='ocrx_word' id='word_1_165' title='bbox 518 2633 636 2677; x_wconf 84' lang='lat' dir='ltr'>capta</span> <span class='ocrx_word' id='word_1_166' title='bbox 659 2623 708 2662; x_wconf 87' lang='lat' dir='ltr'>ab</span> <span class='ocrx_word' id='word_1_167' title='bbox 734 2624 828 2663; x_wconf 86' lang='lat' dir='ltr'>An·-</span> 
     </span>
     <span class='ocr_line' id='line_1_41' title="bbox 163 2678 826 2739; baseline 0.003 -20"><span class='ocrx_word' id='word_1_168' title='bbox 163 2678 315 2731; x_wconf 81' lang='lat' dir='ltr'>nibale‚</span> <span class='ocrx_word' id='word_1_169' title='bbox 346 2679 389 2721; x_wconf 90' lang='lat' dir='ltr'>in</span> <span class='ocrx_word' id='word_1_170' title='bbox 440 2694 575 2725; x_wconf 82' lang='lat' dir='ltr'>arcem</span> <span class='ocrx_word' id='word_1_171' title='bbox 624 2679 826 2739; x_wconf 82' lang='lat' dir='ltr'>confugit,</span> 
     </span>
    </p>
   </div>
   <div class='ocr_carea' id='block_1_3' title="bbox 904 202 1061 246">
    <p class='ocr_par' dir='ltr' id='par_1_8' title="bbox 904 202 1061 246">
     <span class='ocr_line' id='line_1_42' title="bbox 904 202 1061 246; baseline 0 -1"><span class='ocrx_word' id='word_1_172' title='bbox 904 202 1061 246; x_wconf 88' lang='lat' dir='ltr'><strong>EX.</strong></span> 
     </span>
    </p>
   </div>
   <div class='ocr_carea' id='block_1_4' title="bbox 887 325 1665 2676">
    <p class='ocr_par' dir='ltr' id='par_1_9' title="bbox 945 325 1616 501">
     <span class='ocr_line' id='line_1_43' title="bbox 947 325 1616 377; baseline 0 -9"><span class='ocrx_word' id='word_1_173' title='bbox 947 341 1046 369; x_wconf 84' lang='lat' dir='ltr'><strong>xxv.</strong></span> <span class='ocrx_word' id='word_1_174' title='bbox 1071 341 1139 370; x_wconf 78' lang='grc' dir='ltr'><strong>ιο.</strong></span> <span class='ocrx_word' id='word_1_175' title='bbox 1161 340 1296 370; x_wconf 82' lang='lat' dir='ltr'>arcem</span> <span class='ocrx_word' id='word_1_176' title='bbox 1319 325 1521 377; x_wconf 79' lang='lat' dir='ltr'>defendit,</span> <span class='ocrx_word' id='word_1_177' title='bbox 1547 341 1564 370; x_wconf 77' lang='lat' dir='ltr'>r</span> <span class='ocrx_word' id='word_1_178' title='bbox 1581 341 1616 370; x_wconf 70' lang='grc' dir='ltr'><strong>ι.</strong></span> 
     </span>
     <span class='ocr_line' id='line_1_44' title="bbox 950 386 1616 442; baseline -0.006 -12"><span class='ocrx_word' id='word_1_179' title='bbox 950 388 1002 430; x_wconf 72' lang='lat'><em>&amp;</em></span> <span class='ocrx_word' id='word_1_180' title='bbox 1020 386 1139 426; x_wconf 80' lang='lat' dir='ltr'>xxvi.</span> <span class='ocrx_word' id='word_1_181' title='bbox 1175 404 1230 442; x_wconf 40' lang='grc' dir='ltr'><strong>ᾗς..</strong></span> <span class='ocrx_word' id='word_1_182' title='bbox 1256 389 1306 428; x_wconf 90' lang='lat' dir='ltr'>de</span> <span class='ocrx_word' id='word_1_183' title='bbox 1329 401 1379 427; x_wconf 89' lang='lat' dir='ltr'>eo</span> <span class='ocrx_word' id='word_1_184' title='bbox 1401 397 1616 427; x_wconf 86' lang='lat' dir='ltr'>certamen</span> 
     </span>
     <span class='ocr_line' id='line_1_45' title="bbox 945 446 1419 501; baseline -0.002 -15"><span class='ocrx_word' id='word_1_185' title='bbox 945 446 988 486; x_wconf 90' lang='lat' dir='ltr'>in</span> <span class='ocrx_word' id='word_1_186' title='bbox 1011 446 1166 495; x_wconf 81' lang='lat' dir='ltr'>senatu,</span> <span class='ocrx_word' id='word_1_187' title='bbox 1191 446 1326 487; x_wconf 79' lang='lat' dir='ltr'>xxvii.</span> <span class='ocrx_word' id='word_1_188' title='bbox 1353 459 1419 501; x_wconf 78' lang='lat'>25.</span> 
     </span>
    </p>

    <p class='ocr_par' dir='ltr' id='par_1_10' title="bbox 892 502 1618 854">
     <span class='ocr_line' id='line_1_46' title="bbox 892 502 1612 553; baseline -0.003 -7"><span class='ocrx_word' id='word_1_189' title='bbox 892 504 958 546; x_wconf 85' lang='lat' dir='ltr'><strong>M.</strong></span> <span class='ocrx_word' id='word_1_190' title='bbox 986 507 989 510; x_wconf 76' lang='grc'>’</span> <span class='ocrx_word' id='word_1_191' title='bbox 1017 505 1119 545; x_wconf 80' lang='lat' dir='ltr'>ivius</span> <span class='ocrx_word' id='word_1_192' title='bbox 1142 506 1313 553; x_wconf 80' lang='lat' dir='ltr'>Denter,</span> <span class='ocrx_word' id='word_1_193' title='bbox 1333 502 1487 553; x_wconf 87' lang='lat' dir='ltr'>consul,</span> <span class='ocrx_word' id='word_1_194' title='bbox 1505 516 1547 542; x_wconf 85' lang='lat' dir='ltr'><strong>x.</strong></span> <span class='ocrx_word' id='word_1_195' title='bbox 1574 517 1612 544; x_wconf 87' lang='lat'><strong>1.</strong></span> 
     </span>
     <span class='ocr_line' id='line_1_47' title="bbox 946 562 1616 619; baseline -0.003 -15"><span class='ocrx_word' id='word_1_196' title='bbox 946 578 994 604; x_wconf 89' lang='lat' dir='ltr'>eo</span> <span class='ocrx_word' id='word_1_197' title='bbox 1011 563 1189 614; x_wconf 77' lang='lat' dir='ltr'>consule,</span> <span class='ocrx_word' id='word_1_198' title='bbox 1215 563 1440 619; x_wconf 85' lang='lat' dir='ltr'>AEquicum</span> <span class='ocrx_word' id='word_1_199' title='bbox 1459 562 1616 603; x_wconf 84' lang='lat' dir='ltr'>bellum</span> 
     </span>
     <span class='ocr_line' id='line_1_48' title="bbox 947 622 1618 673; baseline -0.003 -10"><span class='ocrx_word' id='word_1_200' title='bbox 947 625 1282 673; x_wconf 54' lang='lat' dir='ltr'>redintegratum,</span> <span class='ocrx_word' id='word_1_201' title='bbox 1320 622 1408 662; x_wconf 86' lang='lat' dir='ltr'>ibid.</span> <span class='ocrx_word' id='word_1_202' title='bbox 1453 631 1618 663; x_wconf 83' lang='lat' dir='ltr'>creatur</span> 
     </span>
     <span class='ocr_line' id='line_1_49' title="bbox 948 679 1616 736; baseline 0.001 -15"><span class='ocrx_word' id='word_1_203' title='bbox 948 682 1138 736; x_wconf 64' lang='lat' dir='ltr'>pontifex</span> <span class='ocrx_word' id='word_1_204' title='bbox 1159 685 1262 721; x_wconf 88' lang='lat' dir='ltr'>iuter</span> <span class='ocrx_word' id='word_1_205' title='bbox 1278 681 1430 736; x_wconf 89' lang='lat' dir='ltr'>primos</span> <span class='ocrx_word' id='word_1_206' title='bbox 1445 694 1468 720; x_wconf 90' lang='lat' dir='ltr'>e</span> <span class='ocrx_word' id='word_1_207' title='bbox 1484 679 1616 734; x_wconf 83' lang='lat' dir='ltr'>plebe,</span> 
     </span>
     <span class='ocr_line' id='line_1_50' title="bbox 947 737 1617 795; baseline 0 -15"><span class='ocrx_word' id='word_1_208' title='bbox 947 757 990 794; x_wconf 90' lang='lat'>9.</span> <span class='ocrx_word' id='word_1_209' title='bbox 1015 741 1133 795; x_wconf 72' lang='lat' dir='ltr'>praeit</span> <span class='ocrx_word' id='word_1_210' title='bbox 1165 740 1285 781; x_wconf 82' lang='lat' dir='ltr'>verba</span> <span class='ocrx_word' id='word_1_211' title='bbox 1319 738 1547 780; x_wconf 84' lang='lat' dir='ltr'>devotionis</span> <span class='ocrx_word' id='word_1_212' title='bbox 1567 737 1617 780; x_wconf 87' lang='lat' dir='ltr'>P.</span> 
     </span>
     <span class='ocr_line' id='line_1_51' title="bbox 949 800 1556 854; baseline -0.005 -14"><span class='ocrx_word' id='word_1_213' title='bbox 949 800 1100 850; x_wconf 71' lang='lat' dir='ltr'>Decio,</span> <span class='ocrx_word' id='word_1_214' title='bbox 1128 803 1190 841; x_wconf 82' lang='lat'>28.</span> <span class='ocrx_word' id='word_1_215' title='bbox 1218 810 1462 854; x_wconf 73' lang='lat' dir='ltr'>propraetor,</span> <span class='ocrx_word' id='word_1_216' title='bbox 1487 810 1556 851; x_wconf 76' lang='lat'><strong>29.</strong></span> 
     </span>
    </p>

    <p class='ocr_par' dir='ltr' id='par_1_11' title="bbox 889 856 1617 912">
     <span class='ocr_line' id='line_1_52' title="bbox 889 856 1617 912; baseline 0 -16"><span class='ocrx_word' id='word_1_217' title='bbox 889 856 954 897; x_wconf 88' lang='lat' dir='ltr'>M.</span> <span class='ocrx_word' id='word_1_218' title='bbox 978 859 1119 899; x_wconf 76' lang='lat' dir='ltr'>Liviu5</span> <span class='ocrx_word' id='word_1_219' title='bbox 1150 860 1351 904; x_wconf 79' lang='lat' dir='ltr'>Macatus,</span> <span class='ocrx_word' id='word_1_220' title='bbox 1377 856 1515 898; x_wconf 82' lang='lat' dir='ltr'>xxvii.</span> <span class='ocrx_word' id='word_1_221' title='bbox 1544 862 1617 912; x_wconf 70' lang='lat'>341</span> 
     </span>
    </p>

    <p class='ocr_par' dir='ltr' id='par_1_12' title="bbox 890 915 1618 1266">
     <span class='ocr_line' id='line_1_53' title="bbox 890 915 1617 971; baseline 0.001 -16"><span class='ocrx_word' id='word_1_222' title='bbox 890 915 943 957; x_wconf 88' lang='lat' dir='ltr'>T.</span> <span class='ocrx_word' id='word_1_223' title='bbox 978 918 1141 958; x_wconf 86' lang='lat' dir='ltr'>Livium</span> <span class='ocrx_word' id='word_1_224' title='bbox 1185 932 1276 971; x_wconf 86' lang='lat' dir='ltr'>quae</span> <span class='ocrx_word' id='word_1_225' title='bbox 1313 917 1456 957; x_wconf 62' lang='lat' dir='ltr'>eauffae</span> <span class='ocrx_word' id='word_1_226' title='bbox 1480 916 1530 956; x_wconf 83' lang='lat' dir='ltr'>ad</span> <span class='ocrx_word' id='word_1_227' title='bbox 1552 927 1617 956; x_wconf 70' lang='lat' dir='ltr'>res</span> 
     </span>
     <span class='ocr_line' id='line_1_54' title="bbox 949 973 1617 1030; baseline -0.004 -14"><span class='ocrx_word' id='word_1_228' title='bbox 949 978 1090 1030; x_wconf 89' lang='lat' dir='ltr'>populi</span> <span class='ocrx_word' id='word_1_229' title='bbox 1144 976 1325 1015; x_wconf 87' lang='lat' dir='ltr'>Romani</span> <span class='ocrx_word' id='word_1_230' title='bbox 1384 973 1617 1016; x_wconf 82' lang='lat' dir='ltr'>scribendas</span> 
     </span>
     <span class='ocr_line' id='line_1_55' title="bbox 950 1034 1618 1090; baseline -0.003 -16"><span class='ocrx_word' id='word_1_231' title='bbox 950 1034 1204 1088; x_wconf 84' lang='lat' dir='ltr'>impulerint,</span> <span class='ocrx_word' id='word_1_232' title='bbox 1237 1035 1357 1090; x_wconf 78' lang='lat' dir='ltr'><strong>Pref.</strong></span> <span class='ocrx_word' id='word_1_233' title='bbox 1376 1035 1443 1073; x_wconf 85' lang='lat' dir='ltr'>lib.</span> <span class='ocrx_word' id='word_1_234' title='bbox 1476 1046 1510 1073; x_wconf 87' lang='grc' dir='ltr'><strong>ι.</strong></span> <span class='ocrx_word' id='word_1_235' title='bbox 1533 1045 1618 1087; x_wconf 92' lang='lat' dir='ltr'>quo</span> 
     </span>
     <span class='ocr_line' id='line_1_56' title="bbox 949 1091 1613 1159; baseline 0.002 -27"><span class='ocrx_word' id='word_1_236' title='bbox 949 1102 1131 1159; x_wconf 80' lang='lat' dir='ltr'>tempore</span> <span class='ocrx_word' id='word_1_237' title='bbox 1184 1093 1353 1141; x_wconf 80' lang='lat' dir='ltr'>vixerit,</span> <span class='ocrx_word' id='word_1_238' title='bbox 1420 1091 1472 1132; x_wconf 86' lang='lat' dir='ltr'>iv.</span> <span class='ocrx_word' id='word_1_239' title='bbox 1539 1103 1613 1133; x_wconf 87' lang='lat'>20</span> 
     </span>
     <span class='ocr_line' id='line_1_57' title="bbox 951 1150 1618 1204; baseline -0.001 -14"><span class='ocrx_word' id='word_1_240' title='bbox 951 1165 992 1192; x_wconf 84' lang='lat' dir='ltr'>x:</span> <span class='ocrx_word' id='word_1_241' title='bbox 991 1152 1094 1192; x_wconf 86' lang='lat' dir='ltr'>viii.</span> <span class='ocrx_word' id='word_1_242' title='bbox 1146 1165 1212 1193; x_wconf 87' lang='lat'>12</span> <span class='ocrx_word' id='word_1_243' title='bbox 1292 1165 1364 1192; x_wconf 91' lang='lat' dir='ltr'>cur</span> <span class='ocrx_word' id='word_1_244' title='bbox 1425 1150 1618 1204; x_wconf 80' lang='lat' dir='ltr'>sequatur</span> 
     </span>
     <span class='ocr_line' id='line_1_58' title="bbox 950 1209 1463 1266; baseline -0.002 -16"><span class='ocrx_word' id='word_1_245' title='bbox 950 1209 1186 1266; x_wconf 82' lang='lat' dir='ltr'>Polybium,</span> <span class='ocrx_word' id='word_1_246' title='bbox 1211 1210 1373 1251; x_wconf 79' lang='lat' dir='ltr'>xxxiii.</span> <span class='ocrx_word' id='word_1_247' title='bbox 1403 1223 1463 1250; x_wconf 89' lang='lat'>10.</span> 
     </span>
    </p>

    <p class='ocr_par' dir='ltr' id='par_1_13' title="bbox 892 1268 1617 1444">
     <span class='ocr_line' id='line_1_59' title="bbox 892 1268 1615 1324; baseline -0.001 -15"><span class='ocrx_word' id='word_1_248' title='bbox 892 1268 1004 1310; x_wconf 84' lang='lat' dir='ltr'>Loca</span> <span class='ocrx_word' id='word_1_249' title='bbox 1037 1272 1072 1310; x_wconf 85' lang='lat'>&amp;</span> <span class='ocrx_word' id='word_1_250' title='bbox 1100 1269 1223 1310; x_wconf 80' lang='lat' dir='ltr'>lautia</span> <span class='ocrx_word' id='word_1_251' title='bbox 1257 1268 1400 1324; x_wconf 79' lang='lat' dir='ltr'>legatis</span> <span class='ocrx_word' id='word_1_252' title='bbox 1434 1268 1615 1318; x_wconf 85' lang='lat' dir='ltr'>decreta,</span> 
     </span>
     <span class='ocr_line' id='line_1_60' title="bbox 951 1326 1617 1384; baseline 0.003 -16"><span class='ocrx_word' id='word_1_253' title='bbox 951 1329 1100 1368; x_wconf 79' lang='lat' dir='ltr'>xxviii.</span> <span class='ocrx_word' id='word_1_254' title='bbox 1127 1343 1196 1384; x_wconf 86' lang='lat'><strong>39.</strong></span> <span class='ocrx_word' id='word_1_255' title='bbox 1221 1342 1329 1368; x_wconf 82' lang='lat' dir='ltr'><strong>xxx.</strong></span> <span class='ocrx_word' id='word_1_256' title='bbox 1369 1341 1433 1381; x_wconf 88' lang='lat'>¹7·</span> <span class='ocrx_word' id='word_1_257' title='bbox 1457 1326 1617 1370; x_wconf 81' lang='lat' dir='ltr'>xxxiii.</span> 
     </span>
     <span class='ocr_line' id='line_1_61' title="bbox 952 1387 1459 1444; baseline -0.006 -16"><span class='ocrx_word' id='word_1_258' title='bbox 952 1399 1020 1439; x_wconf 89' lang='lat'><strong>24.</strong></span> <span class='ocrx_word' id='word_1_259' title='bbox 1038 1403 1158 1427; x_wconf 84' lang='lat' dir='ltr'><strong>xxxv.</strong></span> <span class='ocrx_word' id='word_1_260' title='bbox 1181 1402 1253 1444; x_wconf 85' lang='lat'>23·</span> <span class='ocrx_word' id='word_1_261' title='bbox 1277 1387 1369 1428; x_wconf 84' lang='lat' dir='ltr'>xlii.</span> <span class='ocrx_word' id='word_1_262' title='bbox 1391 1388 1459 1430; x_wconf 84' lang='lat'><strong>26.</strong></span> 
     </span>
    </p>

    <p class='ocr_par' dir='ltr' id='par_1_14' title="bbox 891 1443 1616 1560">
     <span class='ocr_line' id='line_1_62' title="bbox 891 1443 1616 1501; baseline 0 -15"><span class='ocrx_word' id='word_1_263' title='bbox 891 1445 1099 1487; x_wconf 89' lang='lat' dir='ltr'>Locorum</span> <span class='ocrx_word' id='word_1_264' title='bbox 1131 1447 1270 1488; x_wconf 83' lang='lat' dir='ltr'>divisio</span> <span class='ocrx_word' id='word_1_265' title='bbox 1293 1447 1334 1487; x_wconf 88' lang='lat' dir='ltr'>in</span> <span class='ocrx_word' id='word_1_266' title='bbox 1357 1443 1616 1501; x_wconf 64' lang='lat' dir='ltr'>speetaculis,</span> 
     </span>
     <span class='ocr_line' id='line_1_63' title="bbox 951 1505 1330 1560; baseline 0.003 -17"><span class='ocrx_word' id='word_1_267' title='bbox 951 1505 977 1543; x_wconf 87' lang='lat' dir='ltr'>i.</span> <span class='ocrx_word' id='word_1_268' title='bbox 1005 1520 1055 1560; x_wconf 82' lang='lat'>35</span> <span class='ocrx_word' id='word_1_269' title='bbox 1094 1507 1238 1547; x_wconf 79' lang='lat' dir='ltr'>xxxiv.</span> <span class='ocrx_word' id='word_1_270' title='bbox 1261 1521 1282 1560; x_wconf 78' lang='grc' dir='ltr'><em>ς</em></span> <span class='ocrx_word' id='word_1_271' title='bbox 1301 1518 1330 1544; x_wconf 67' lang='grc' dir='ltr'><strong>ι.</strong></span> 
     </span>
    </p>

    <p class='ocr_par' dir='ltr' id='par_1_15' title="bbox 889 1562 1617 1840">
     <span class='ocr_line' id='line_1_64' title="bbox 893 1562 1617 1619; baseline 0.004 -17"><span class='ocrx_word' id='word_1_272' title='bbox 893 1563 907 1602; x_wconf 78' lang='lat' dir='ltr'>l</span> <span class='ocrx_word' id='word_1_273' title='bbox 929 1564 1014 1604; x_wconf 88' lang='lat' dir='ltr'>ocis</span> <span class='ocrx_word' id='word_1_274' title='bbox 1030 1565 1238 1605; x_wconf 75' lang='lat' dir='ltr'>sanCtitate</span> <span class='ocrx_word' id='word_1_275' title='bbox 1257 1563 1477 1619; x_wconf 77' lang='lat' dir='ltr'>insignibus</span> <span class='ocrx_word' id='word_1_276' title='bbox 1491 1562 1617 1606; x_wconf 83' lang='lat' dir='ltr'>etiam</span> 
     </span>
     <span class='ocr_line' id='line_1_65' title="bbox 946 1621 1539 1677; baseline 0.002 -16"><span class='ocrx_word' id='word_1_277' title='bbox 946 1621 1096 1662; x_wconf 63' lang='lat' dir='ltr'>adfieta</span> <span class='ocrx_word' id='word_1_278' title='bbox 1116 1624 1312 1665; x_wconf 84' lang='lat' dir='ltr'>miracula</span> <span class='ocrx_word' id='word_1_279' title='bbox 1354 1623 1476 1665; x_wconf 79' lang='lat' dir='ltr'>xxiv,</span> <span class='ocrx_word' id='word_1_280' title='bbox 1499 1637 1539 1677; x_wconf 85' lang='lat'><strong>3.</strong></span> 
     </span>
     <span class='ocr_line' id='line_1_66' title="bbox 889 1678 1611 1733; baseline 0.006 -14"><span class='ocrx_word' id='word_1_281' title='bbox 889 1678 1131 1733; x_wconf 85' lang='lat' dir='ltr'>Locrenses,</span> <span class='ocrx_word' id='word_1_282' title='bbox 1189 1682 1311 1722; x_wconf 81' lang='lat' dir='ltr'>xxiii.</span> <span class='ocrx_word' id='word_1_283' title='bbox 1363 1694 1431 1732; x_wconf 74' lang='lat'><strong>32.</strong></span> <span class='ocrx_word' id='word_1_284' title='bbox 1494 1680 1611 1723; x_wconf 80' lang='lat' dir='ltr'>xxix.</span> 
     </span>
     <span class='ocr_line' id='line_1_67' title="bbox 890 1755 1614 1840; baseline -0.003 0"><span class='ocrx_word' id='word_1_285' title='bbox 890 1755 1114 1840; x_wconf 50' lang='lat' dir='ltr'>Logrenses</span> <span class='ocrx_word' id='word_1_286' title='bbox 1151 1797 1192 1838; x_wconf 91' lang='lat' dir='ltr'>in</span> <span class='ocrx_word' id='word_1_287' title='bbox 1227 1798 1394 1840; x_wconf 72' lang='lat' dir='ltr'>Graecia</span> <span class='ocrx_word' id='word_1_288' title='bbox 1438 1796 1614 1839; x_wconf 82' lang='lat' dir='ltr'>restituti</span> 
     </span>
    </p>

    <p class='ocr_par' dir='ltr' id='par_1_16' title="bbox 949 1857 1391 1912">
     <span class='ocr_line' id='line_1_68' title="bbox 949 1857 1391 1912; baseline -0.007 -13"><span class='ocrx_word' id='word_1_289' title='bbox 949 1858 1118 1907; x_wconf 69' lang='lat' dir='ltr'>AEtolis,</span> <span class='ocrx_word' id='word_1_290' title='bbox 1144 1857 1280 1896; x_wconf 82' lang='lat' dir='ltr'>xxxiii</span> <span class='ocrx_word' id='word_1_291' title='bbox 1321 1872 1391 1912; x_wconf 87' lang='lat'><strong>34.</strong></span> 
     </span>
    </p>

    <p class='ocr_par' dir='ltr' id='par_1_17' title="bbox 887 1914 1665 2676">
     <span class='ocr_line' id='line_1_69' title="bbox 887 1914 1612 1970; baseline -0.001 -12"><span class='ocrx_word' id='word_1_292' title='bbox 887 1916 1013 1958; x_wconf 90' lang='lat' dir='ltr'>Locri</span> <span class='ocrx_word' id='word_1_293' title='bbox 1052 1916 1250 1957; x_wconf 76' lang='lat' dir='ltr'>deficiunt</span> <span class='ocrx_word' id='word_1_294' title='bbox 1292 1916 1379 1970; x_wconf 87' lang='lat' dir='ltr'>post</span> <span class='ocrx_word' id='word_1_295' title='bbox 1414 1914 1612 1957; x_wconf 83' lang='lat' dir='ltr'>Cannen-</span> 
     </span>
     <span class='ocr_line' id='line_1_70' title="bbox 945 1974 1610 2025; baseline 0 -10"><span class='ocrx_word' id='word_1_296' title='bbox 945 1975 1026 2015; x_wconf 88' lang='lat' dir='ltr'>sem</span> <span class='ocrx_word' id='word_1_297' title='bbox 1050 1977 1206 2016; x_wconf 84' lang='lat' dir='ltr'>cladem</span> <span class='ocrx_word' id='word_1_298' title='bbox 1231 1975 1281 2015; x_wconf 85' lang='lat' dir='ltr'>ad</span> <span class='ocrx_word' id='word_1_299' title='bbox 1315 1975 1484 2025; x_wconf 83' lang='lat' dir='ltr'>Poenos,</span> <span class='ocrx_word' id='word_1_300' title='bbox 1508 1974 1610 2015; x_wconf 67' lang='lat' dir='ltr'>xxii.</span> 
     </span>
     <span class='ocr_line' id='line_1_71' title="bbox 945 2032 1607 2087; baseline -0.002 -12"><span class='ocrx_word' id='word_1_301' title='bbox 945 2037 1014 2075; x_wconf 87' lang='lat'>61.</span> <span class='ocrx_word' id='word_1_302' title='bbox 1040 2035 1119 2074; x_wconf 76' lang='lat' dir='ltr'>vid.</span> <span class='ocrx_word' id='word_1_303' title='bbox 1143 2044 1178 2074; x_wconf 87' lang='lat' dir='ltr'>et</span> <span class='ocrx_word' id='word_1_304' title='bbox 1200 2033 1299 2074; x_wconf 77' lang='lat' dir='ltr'>xxiii</span> <span class='ocrx_word' id='word_1_305' title='bbox 1339 2045 1405 2087; x_wconf 83' lang='lat'>30.</span> <span class='ocrx_word' id='word_1_306' title='bbox 1432 2043 1467 2075; x_wconf 85' lang='lat' dir='ltr'>et</span> <span class='ocrx_word' id='word_1_307' title='bbox 1488 2032 1607 2076; x_wconf 79' lang='grc' dir='ltr'><strong>κκίν.</strong></span> 
     </span>
     <span class='ocr_line' id='line_1_72' title="bbox 950 2091 1615 2161; baseline -0.005 -25"><span class='ocrx_word' id='word_1_308' title='bbox 950 2108 983 2136; x_wconf 87' lang='lat'>1</span> <span class='ocrx_word' id='word_1_309' title='bbox 1017 2105 1317 2161; x_wconf 80' lang='lat' dir='ltr'>oppugnantur</span> <span class='ocrx_word' id='word_1_310' title='bbox 1345 2107 1366 2132; x_wconf 86' lang='lat' dir='ltr'>a</span> <span class='ocrx_word' id='word_1_311' title='bbox 1401 2091 1615 2147; x_wconf 87' lang='lat' dir='ltr'>Crispino,</span> 
     </span>
     <span class='ocr_line' id='line_1_73' title="bbox 945 2150 1609 2218; baseline -0.005 -23.995"><span class='ocrx_word' id='word_1_312' title='bbox 945 2153 1076 2195; x_wconf 74' lang='lat' dir='ltr'>xxvii</span> <span class='ocrx_word' id='word_1_313' title='bbox 1102 2165 1167 2203; x_wconf 83' lang='lat'>25.</span> <span class='ocrx_word' id='word_1_314' title='bbox 1193 2151 1456 2218; x_wconf 42' lang='lat' dir='ltr'>recipiuntur·</span> <span class='ocrx_word' id='word_1_315' title='bbox 1470 2166 1492 2192; x_wconf 84' lang='lat' dir='ltr'>a</span> <span class='ocrx_word' id='word_1_316' title='bbox 1518 2150 1609 2194; x_wconf 80' lang='lat' dir='ltr'>Sci·</span> 
     </span>
     <span class='ocr_line' id='line_1_74' title="bbox 942 2209 1611 2267; baseline -0.001 -16"><span class='ocrx_word' id='word_1_317' title='bbox 942 2213 1079 2267; x_wconf 87' lang='lat' dir='ltr'>pione‚</span> <span class='ocrx_word' id='word_1_318' title='bbox 1103 2211 1217 2252; x_wconf 82' lang='lat' dir='ltr'>xxix.</span> <span class='ocrx_word' id='word_1_319' title='bbox 1234 2213 1275 2251; x_wconf 88' lang='lat'><strong>6.</strong></span> <span class='ocrx_word' id='word_1_320' title='bbox 1299 2222 1334 2263; x_wconf 92' lang='lat'><em>7</em></span> <span class='ocrx_word' id='word_1_321' title='bbox 1354 2211 1425 2264; x_wconf 85' lang='lat' dir='ltr'>qui</span> <span class='ocrx_word' id='word_1_322' title='bbox 1446 2209 1494 2250; x_wconf 91' lang='lat' dir='ltr'>iis</span> <span class='ocrx_word' id='word_1_323' title='bbox 1521 2210 1611 2250; x_wconf 76' lang='lat' dir='ltr'>lle·-</span> 
     </span>
     <span class='ocr_line' id='line_1_75' title="bbox 942 2267 1665 2325; baseline -0.003 -14"><span class='ocrx_word' id='word_1_324' title='bbox 942 2271 1117 2311; x_wconf 86' lang='lat' dir='ltr'>minium</span> <span class='ocrx_word' id='word_1_325' title='bbox 1142 2267 1386 2325; x_wconf 68' lang='lat' dir='ltr'>praefe&amp;um</span> <span class='ocrx_word' id='word_1_326' title='bbox 1417 2267 1612 2324; x_wconf 79' lang='lat' dir='ltr'>imponit,</span> <span class='ocrx_word' id='word_1_327' title='bbox 1662 2277 1665 2280; x_wconf 87' lang='lat'>&#39;</span> 
     </span>
     <span class='ocr_line' id='line_1_76' title="bbox 943 2326 1611 2381; baseline -0.004 -9"><span class='ocrx_word' id='word_1_328' title='bbox 943 2334 982 2372; x_wconf 85' lang='lat'><strong>8.</strong></span> <span class='ocrx_word' id='word_1_329' title='bbox 1022 2330 1064 2369; x_wconf 86' lang='lat' dir='ltr'>in</span> <span class='ocrx_word' id='word_1_330' title='bbox 1098 2343 1168 2372; x_wconf 87' lang='lat' dir='ltr'>eos</span> <span class='ocrx_word' id='word_1_331' title='bbox 1211 2328 1460 2381; x_wconf 85' lang='lat' dir='ltr'>impotenter</span> <span class='ocrx_word' id='word_1_332' title='bbox 1495 2326 1611 2369; x_wconf 83' lang='lat' dir='ltr'>saevit</span> 
     </span>
     <span class='ocr_line' id='line_1_77' title="bbox 942 2387 1606 2440; baseline -0.008 -9"><span class='ocrx_word' id='word_1_333' title='bbox 942 2389 1186 2438; x_wconf 87' lang='lat' dir='ltr'>Pleminius,</span> <span class='ocrx_word' id='word_1_334' title='bbox 1216 2387 1302 2427; x_wconf 80' lang='lat' dir='ltr'>ibid.</span> <span class='ocrx_word' id='word_1_335' title='bbox 1332 2395 1369 2426; x_wconf 86' lang='lat' dir='ltr'>et</span> <span class='ocrx_word' id='word_1_336' title='bbox 1389 2401 1427 2440; x_wconf 87' lang='lat'><strong>9.</strong></span> <span class='ocrx_word' id='word_1_337' title='bbox 1459 2399 1606 2427; x_wconf 88' lang='lat' dir='ltr'>eorum</span> 
     </span>
     <span class='ocr_line' id='line_1_78' title="bbox 940 2444 1609 2502; baseline -0.004 -15"><span class='ocrx_word' id='word_1_338' title='bbox 940 2448 1115 2501; x_wconf 75' lang='lat' dir='ltr'>querela:</span> <span class='ocrx_word' id='word_1_339' title='bbox 1130 2461 1202 2502; x_wconf 86' lang='lat' dir='ltr'>per</span> <span class='ocrx_word' id='word_1_340' title='bbox 1223 2446 1377 2501; x_wconf 84' lang='lat' dir='ltr'>legatos</span> <span class='ocrx_word' id='word_1_341' title='bbox 1399 2445 1543 2487; x_wconf 84' lang='lat' dir='ltr'>deletae</span> <span class='ocrx_word' id='word_1_342' title='bbox 1556 2444 1609 2485; x_wconf 86' lang='lat' dir='ltr'>ad</span> 
     </span>
     <span class='ocr_line' id='line_1_79' title="bbox 939 2503 1606 2558; baseline -0.004 -12"><span class='ocrx_word' id='word_1_343' title='bbox 939 2507 1138 2554; x_wconf 84' lang='lat' dir='ltr'>senatum,</span> <span class='ocrx_word' id='word_1_344' title='bbox 1163 2511 1227 2547; x_wconf 79' lang='lat' dir='ltr'>io.</span> <span class='ocrx_word' id='word_1_345' title='bbox 1258 2517 1322 2558; x_wconf 91' lang='lat'>¹7</span> <span class='ocrx_word' id='word_1_346' title='bbox 1352 2507 1417 2546; x_wconf 91' lang='lat'>18.</span> <span class='ocrx_word' id='word_1_347' title='bbox 1441 2503 1606 2547; x_wconf 75' lang='lat' dir='ltr'>libertas</span> 
     </span>
     <span class='ocr_line' id='line_1_80' title="bbox 938 2562 1606 2621; baseline -0.004 -17"><span class='ocrx_word' id='word_1_348' title='bbox 938 2565 986 2604; x_wconf 86' lang='lat' dir='ltr'>iis</span> <span class='ocrx_word' id='word_1_349' title='bbox 1016 2565 1206 2621; x_wconf 88' lang='lat' dir='ltr'>legesque</span> <span class='ocrx_word' id='word_1_350' title='bbox 1230 2563 1312 2604; x_wconf 82' lang='lat' dir='ltr'>suae</span> <span class='ocrx_word' id='word_1_351' title='bbox 1333 2562 1606 2603; x_wconf 86' lang='lat' dir='ltr'>restituuntur</span> 
     </span>
     <span class='ocr_line' id='line_1_81' title="bbox 934 2617 1600 2676; baseline 0.002 -13.005"><span class='ocrx_word' id='word_1_352' title='bbox 934 2638 960 2664; x_wconf 91' lang='lat' dir='ltr'>a</span> <span class='ocrx_word' id='word_1_353' title='bbox 981 2622 1138 2676; x_wconf 82' lang='lat' dir='ltr'>senatu,</span> <span class='ocrx_word' id='word_1_354' title='bbox 1185 2635 1253 2667; x_wconf 82' lang='lat'><strong>21.</strong></span> <span class='ocrx_word' id='word_1_355' title='bbox 1303 2621 1386 2665; x_wconf 73' lang='lat' dir='ltr'>vid.</span> <span class='ocrx_word' id='word_1_356' title='bbox 1405 2630 1442 2663; x_wconf 84' lang='lat' dir='ltr'>et</span> <span class='ocrx_word' id='word_1_357' title='bbox 1475 2617 1600 2664; x_wconf 68' lang='lat' dir='ltr'>xxxi·</span> 
     </span>
    </p>
   </div>
   <div class='ocr_carea' id='block_1_5' title="bbox 943 2693 1599 2778">
    <p class='ocr_par' dir='ltr' id='par_1_18' title="bbox 943 2693 1599 2778">
     <span class='ocr_line' id='line_1_82' title="bbox 943 2693 1008 2725; baseline -0.031 0"><span class='ocrx_word' id='word_1_358' title='bbox 943 2697 958 2725; x_wconf 89' lang='lat'>1</span> <span class='ocrx_word' id='word_1_359' title='bbox 970 2693 1008 2725; x_wconf 86' lang='lat'><strong>2.</strong></span> 
     </span>
     <span class='ocr_line' id='line_1_83' title="bbox 1453 2733 1599 2778; baseline -0.021 0"><span class='ocrx_word' id='word_1_360' title='bbox 1453 2733 1599 2778; x_wconf 84' lang='lat' dir='ltr'>Locris</span> 
     </span>
    </p>
   </div>
  </div>
 </body>
</html>
