1830 3131
632 271 1055 318 INDEX.

436 516 472 558 B

87 690 334 792 {abyloniffi
354 690 543 732 xxxviiii
580 698 649 744 172

131 750 410 792 acchanalium
432 749 545 790 initia
566 763 621 792 ex
641 748 818 798 Etruria,

151 809 314 851 xxxix.
350 812 391 852 8.
421 807 577 849 nefaria
597 809 639 848 in
667 809 711 849 iis
737 807 819 848 stu-

151 881 242 923 pra,
278 868 436 921 aliaque
458 867 621 916 scelera,
641 866 732 908 ibid.
752 879 822 906 eo-

152 940 247 967 rum
295 927 489 972 indicium
539 925 722 966 defertur
772 926 822 965 ad
883 925 964 966 Cn.

149 984 407 1026 Postumium
475 983 701 1036 consulem,
756 997 823 1025 11.

152 1042 322 1098 quaestio
383 1044 434 1084 de
501 1040 823 1084 Bacchanalibus

155 1103 375 1142 mandatur
432 1101 682 1154 consulibus,
755 1114 820 1156 14.

154 1159 392 1202 Postumius
413 1160 622 1201 invehitur
652 1162 692 1200 in
720 1159 823 1200 Bac-

150 1219 354 1268 chanalia,
378 1234 388 1258 ι
402 1230 444 1270 5.
478 1218 745 1260 Bacchanalia
765 1219 824 1259 di·

158 1287 354 1328 ruuntur,
374 1290 601 1331 eorumque
642 1278 828 1318 auflores

156 1336 407 1391 puniuntur,
449 1348 515 1387 17.
554 1338 620 1376 18.
651 1336 829 1378 senatus·

159 1393 395 1437 consultum
412 1394 463 1434 de
486 1393 828 1446 Bacchanalibus,

166 1455 230 1495 18.

102 1510 359 1554 Baccharum
375 1510 517 1552 habitu
533 1519 730 1551 matronae
735 1512 828 1561 ,cri-

164 1569 286 1611 nibus
307 1569 439 1625 paffis,
475 1583 570 1610 cum
592 1568 832 1611 ardentibus

160 1627 337 1681 facibus,
371 1629 424 1669 ad
456 1627 646 1669 Tiberim
679 1628 833 1669 -decur-

161 1696 276 1737 runt,
311 1685 574 1742 demissasque
603 1689 645 1728 in
680 1701 832 1742 aquam

162 1745 273 1788 faces
319 1745 479 1802 integra
529 1745 695 1787 flamma
734 1745 831 1788 effe-

163 1813 278 1855 runt,
291 1816 457 1846 xxx1x:
484 1816 548 1859 13.

104 1863 324 1913 Bachium,
338 1863 483 1914 insula,
503 1863 674 1904 xxxvii.
701 1873 775 1907 21.-

105 1923 285 1965 Baculus
307 1922 388 1963 fine
409 1923 520 1963 nodo
537 1924 740 1976 aduncus,
762 1923 832 1965 Li-

165 1991 262 2025 tuus
277 1980 429 2031 dictus,
450 1981 480 2022 i.
501 1984 566 2022 18.

110 2039 264 2083 Badius
328 2038 566 2093 Campanus
635 2049 834 2094 provocat

167 2095 404 2152 Crispinum
438 2096 641 2151 hospitem
677 2099 728 2139 ad
760 2099 837 2138 fin-

169 2156 311 2213 gulare
337 2164 561 2204 certamen,
589 2157 630 2198 δε
651 2157 839 2197 vulnera-

168 2226 238 2257 tus
262 2211 425 2268 aufugit
441 2214 492 2254 ad
514 2213 621 2264 suos,
637 2227 746 2256 xxv,
774 2219 841 2257 18.

116 2279 170 2319 Α*
185 2271 369 2321 Baebius,
385 2273 498 2325 quod
516 2273 662 2315 milites
685 2274 841 2315 Roma-

171 2346 249 2375 nos
297 2329 528 2386 praebuiffet
570 2331 621 2372 ad
661 2331 842 2374 ministe-

171 2391 280 2431 rium
313 2390 434 2430 caedis
467 2389 637 2440 AEtolis,
671 2392 845 2433 damna-

174 2460 260 2500 tur,
281 2449 373 2489 xlv.
406 2451 475 2495 28.
495 2459 569 2501 31.

116 2508 199 2550 Cn.
221 2506 382 2548 Baebius
420 2506 689 2561 Tamphilus,¹
715 2508 842 2551 tribu-

175 2581 253 2608 nus
275 2563 418 2620 plebis,
439 2561 555 2605 dieml
566 2564 667 2608 dicit
686 2567 755 2608 M.
774 2568 841 2609 Li-

175 2625 242 2666 vio
259 2627 298 2666 δε
318 2623 369 2664 Ο.
390 2623 842 2677 Claudio,censoribus,

172 2684 307 2726 xxiX.
331 2694 402 2737 37.
418 2681 652 2738 defignatur
679 2694 846 2738 praetor,

178 2756 309 2797 quum
346 2740 473 2784 :edilis
507 2742 693 2800 plebejus
733 2743 845 2797 effet,

1513 284 1593 327 333

927 395 1060 438 xxxii
1095 405 1167 450 49¹.-
1203 410 1271 447 50.-
1304 395 1466 436 sortitur
1502 396 1596 436 Ari—

931 455 1107 502 minum,
1157 453 1306 494 xxxii.
1354 469 1367 494 1
1383 486 1392 496 .
1431 464 1598 508 praetor,

934 524 1085 555 temere
1099 512 1513 568 ingrefl'usGallorum
1531 513 1599 553 In-

935 572 1116 613 subrium
1138 572 1256 623 fines,
1273 571 1387 613 clade
1409 571 1599 621 afficitur,

936 644 977 683 7.
996 647 1018 672 a
1040 629 1204 672 consule
1229 632 1282 672 L.
1309 630 1489 670 Lentulo
1506 644 1602 684 pro-

933 689 1018 731 bris
1038 690 1274 743 increpitus,
1296 688 1505 743 provincia
1527 702 1602 729 ex-

931 749 1076 790 cedere
1096 747 1281 804 jubetur,
1306 749 1398 789 ibid:
1420 749 1605 788 triumvir

934 807 1106 849 coloniae
1136 807 1406 858 deducendae,
1440 808 1604 847 xxxix:

937 879 1010 910 22.
1030 864 1185 916 consul,
1221 872 1287 914 <62

1005 923 1168 965 Baebius
1206 923 1466 979 Tamphilus,
1505 939 1609 979 prm·-

940 994 1020 1034 tor,
1037 982 1361 1039 jurisdictionem
1394 982 1610 1033 urbanam,

943 1043 1041 1083 xliv.
1067 1056 1130 1094 17.
1151 1043 1309 1098 legatus
1325 1042 1365 1082 in
1382 1041 1610 1098 Illyricum,

942 1103 1023 1143 xlv.
1049 1113 1114 1155 17.

882 1159 936 1201 L.
958 1160 1134 1207 Baebius,
1155 1159 1315 1215 legatus
1337 1158 1380 1198 in
1407 1158 1611 1200 Macedo-

942 1221 1068 1269 niam,
1087 1218 1186 1257 xliv.
1210 1221 1277 1259 18.

889 1277 942 1319 L'.
964 1277 1128 1318 Baebius
1158 1275 1304 1326 Dives,
1324 1284 1487 1317 creatur
1507 1289 1618 1331 prae-

949 1347 1012 1377 tor
1033 1336 1191 1377 xxxvii}
1221 1348 1294 1386 47.
1328 1335 1492 1376 sortitur
1519 1334 1616 1376 His-

946 1397 1106 1449 paniam
1124 1393 1378 1443 ulteriorem,
1403 1403 1475 1444 50:
1503 1407 1618 1445 eum,

945 1452 1293 1507 proficiscentem·
1287 1466 1326 1491 in
1348 1451 1621 1505 provinciam,

945 1511 1278 1552 circumveniunt
1311 1510 1505 1566 Ligures,
1546 1521 1620 1565 57:

948 1569 1028 1610 sine
1046 1569 1258 1611 liaoribus
1271 1569 1456 1625 perfugit
1481 1570 1618 1611 Maffi-

947 1628 1064 1677 liam,
1101 1628 1172 1670 ubi
1201 1630 1307 1670 intra
1341 1629 1526 1669 triduum
1547 1643 1619 1670 ex-

949 1687 1087 1742 spirat,
1109 1687 1201 1729 ibid.

891 1746 963 1788 M.
993 1746 1177 1796 Baebius,
1207 1746 1382 1801 legatus,
1404 1759 1506 1787 xxx.
1527 1754 1603 1798 252³

894 1805 1142 1849 M.Baebius
1178 1804 1446 1859 Tamphilus,
1476 1805 1623 1847 trium-

947 1867 1009 1905 vir
1092 1865 1266 1906 coloniae
1351 1865 1623 1914 deducendae,

948 1923 1096 1965 xxxiv,
1121 1938 1190 1978 45.
1212 1932 1381 1978 praetor,
1398 1936 1530 1965 xxxv.
1555 1938 1626 1967 10.

950 1993 1001 2024 ex
1044 1981 1216 2023 Bruttiis
1247 1983 1298 2022 ad
1325 1982 1555 2024 Tarentum
1580 1986 1626 2026 <Sc

948 2041 1226 2082 Brundufium
1253 2041 1434 2097 legiones
1455 2055 1625 2097 promo-

953 2114 1047 2151 vere
1089 2099 1274 2157 jubetur,
1325 2112 1396 2156 23.
1454 2100 1633 2157 jubetur*

954 2159 1120 2200 transire
1142 2159 1183 2199 in
1222 2158 1408 2212 Epirum,
1439 2175 1508 2209 24.
1531 2174 1628 2214 pro-

957 2228 1111 2272 praetor
1128 2217 1274 2258 xxxvi.
1293 2220 1334 2258 8.
1365 2218 1408 2258 in
1423 2217 1631 2260 Thessalia.

958 2276 1155 2330 quasdam
1201 2275 1323 2316 urbes
1377 2278 1500 2330 capit.
1557 2291 1627 2333 13.

958 2334 1107 2389 praeest
1130 2335 1233 2389 parti
1250 2334 1473 2375 castrorum
1495 2335 1538 2376 in
1554 2335 1630 2377 ob-

955 2393 1110 2435 sidione
1127 2393 1363 2443 Heracleae,
1388 2406 1458 2435 22.
1479 2395 1530 2435 ad
1550 2394 1631 2436 dis-

959 2453 1208 2507 ceptandum
1226 2450 1332 2491 inter
1349 2450 1634 2508 Philippum&

962 2510 1191 2551 Eumenem
1236 2509 1394 2564 legatus
1435 2513 1633 2567 mittitur,

962 2569 1114 2609 xxxix,
1166 2581 1233 2622 24.
1279 2569 1523 2624 legationem
1566 2586 1631 2614 re-

962 2627 1143 2677 nuntiat,
1174 2636 1246 2682 33.
1276 2638 1439 2669 creatur
1471 2631 1632 2682 consul,

962 2687 1020 2726 xl.
1056 2689 1123 2727 182
1139 2685 1177 2725 ei
1205 2697 1472 2756 prorogatum
1501 2689 1633 2745 impe-

962 2744 1085 2795 rium,
1108 2751 1188 2798 31
1202 2747 1429 2788 exercitum
1451 2748 1491 2788 in
1514 2749 1632 2804 Apu-

1074 2804 1115 2845 A
1134 2817 1156 2844 a
1530 2820 1636 2850 anos
