1830 3131
127 232 210 275 350

184 340 387 386 cronenfis
455 339 657 393 princepe,
717 337 846 379 securi

184 404 427 458 percutitur,
442 399 583 438 xxviii.
604 410 674 448 24.
691 410 757 451 29.

129 463 232 504 Atta
263 459 448 502 Clausus.
490 457 561 497 vid
605 459 689 510 Ap.
723 456 848 497 Clau-

187 520 292 561 dius.

128 580 295 625 Attalus
341 589 416 617 rex
456 574 577 623 Afiae·‚
628 573 741 612 xxvi.
779 586 846 622 24.

187 637 386 692 AEginam
406 637 530 683 venit,
552 632 681 671 xxvii.
713 646 779 686 30.
807 635 845 672 ἃ·

185 695 242 736 ibi
261 695 462 742 hibernae,
485 706 552 748 33.
570 691 678 745 capit
696 694 733 731 ἃ
750 691 849 730 diri-

185 754 281 808 ripit
344 752 625 807 Opuntiorum
688 748 848 799 urbem,

185 812 329 854 xxviii.
355 824 395 865 7.
413 808 657 864 opprimitur
679 807 806 848 ferme
829 821 851 846 a

188 871 395 926 Philippo,
432 869 517 908 ibid.
552 864 701 907 omiffis
731 865 852 906 rebus

188 929 391 971 Romanis
432 928 474 966 in
518 925 655 966 Asiam
688 924 854 980 trajicit,

191 1002 231 1042 7.
247 989 459 1028 Romanos
473 986 628 1039 legatos
644 982 854 1023 Peffinun-

187 1059 270 1088 tem
303 1044 484 1093 deducit,
529 1043 768 1095 sacrumque
805 1040 854 1081 iis

188 1106 365 1161 lapidem
397 1102 537 1153 tradit,
587 1101 691 1140 xxix
738 1113 803 1140 11.
832 1113 855 1139 a

187 1162 389 1205 Romanis
424 1159 662 1202 adscribitur
691 1157 855 1207 foederi,

186 1238 282 1264 cum
303 1220 494 1275 Philippo
517 1219 632 1269 inito,
663 1231 724 1259 12.
746 1216 857 1257 venit

187 1283 388 1323 Piraeeum
445 1278 688 1319 renovandae
759 1289 857 1315 cum

191 1337 507 1382 Atheniensibus
525 1335 722 1378 societatis
746 1332 859 1374 caus-

191 1399 246 1449 sa,
268 1397 384 1439 xxxi.
427 1410 491 1448 14.
525 1394 761 1449 adloquitur
781 1406 858 1447 po·

190 1457 336 1512 pulum
354 1455 521 1508 scripto,
549 1469 562 1496 ι
575 1468 612 1508 5.
629 1454 806 1494 honores
823 1450 860 1489 ei

192 1516 243 1556 ab
305 1511 617 1556 Atheniensibus
691 1511 860 1557 decreti,

192 1574 278 1614 ibid.
321 1585 415 1613 cum
459 1570 661 1610 Romanis
701 1568 860 1608 Oreum

194 1640 422 1688 oppugnat,
449 1631 486 1670 &
510 1629 633 1682 capit,
653 1625 862 1679 >÷6.oppri-

195 1692 271 1732 mit
294 1690 508 1744 Aigeleon,
524 1686 609 1727 ibid.
632 1687 722 1740 ejus
744 1685 863 1738 legati

197 1759 367 1789 monent
392 1746 594 1795 senatum,
624 1743 725 1785 fines
747 1740 864 1796 regni

199 1807 259 1848 sui
323 1804 468 1845 vastari
529 1803 578 1843 ab
639 1800 865 1847 Antiocho,

197 1865 331 1909 xxxii.
368 1867 406 1906 8.
453 1876 646 1904 coronam
701 1871 864 1900 auream

201 1924 346 1965 ccxlvi.
388 1922 524 1977 pondo
577 1921 619 1960 in
664 1916 866 1972 Capitolio

203 1983 434 2037 ponendam
458 1989 588 2027 curat,
627 1991 694 2031 27.
737 1975 867 2016 Attali

206 2045 245 2081 ἀ
270 2039 434 2097 Qintii
465 2036 641 2078 consulis
670 2034 868 2088 colloqui-

203 2114 275 2139 um
309 2111 403 2139 cum
431 2095 607 2144 Nabide,
631 2109 701 2149 39.
725 2108 796 2146 40.
828 2096 868 2133 in

205 2158 376 2198 concilio
411 2155 667 2202 „Boeotorum
713 2153 869 2207 primus

209 2215 326 2257 verba
349 2214 461 2261 facit,
492 2214 532 2253 &
567 2211 737 2264 loquens
769 2226 869 2251 con-

207 2275 318 2324 cidit,
357 2270 505 2313 xxxiii.
543 2282 583 2310 2.
621 2270 869 2325 Pergamum

208 2331 422 2382 advee’ms,
507 2327 710 2368 moritur:
782 2328 870 2383 ejus

208 2391 368 2439 laudes,
391 2402 455 2429 21.
476 2387 631 2441 primus
651 2386 786 2427 Asiam
810 2390 872 2425 in-

211 2449 433 2488 colentium
464 2445 605 2485 abnuit
633 2444 875 2498 stipendium

211 2507 306 2546 dare
325 2504 474 2554 Gallis,
495 2503 665 2544 xxxviii.
691 2506 755 2543 16.

157 2564 337 2611 Attalus,
374 2561 570 2603 Eumenis
604 2561 743 2611 frater,
771 2573 874 2600 nun-

214 2624 291 2662 ciat
313 2620 484 2669 senatui,
510 2619 764 2662 Antiochum
781 2633 878 2659 cum

215 2681 393 2722 exercitu
442 2677 755 2732 Hellespontum
798 2688 881 2719 tra-

683 206 1114 258 INDEX.

958 339 1110 397 jecisse,
1131 353 1258 379 xxxv.
1284 349 1350 392 23.
1368 350 1454 378 rem
1472 337 1630 379 Rofna'ss

962 413 1056 439 nam
1081 399 1244 452 adjuvat
1278 396 1321 436 in
1354 411 1492 452 pugna
1533 411 1629 437 cum

962 457 1186 508 Antiocho,
1216 456 1375 496 xxxvii.
1410 469 1476 509 43,
1501 454 1631 496 arces-‘-

964 517 1008 556 sit
1042 530 1138 556 eum
1168 531 1191 556 a
1211 516 1411 570 Pergamo
1443 513 1631 554 Manlius

962 573 1118 625 consul,
1158 575 1208 615 ad
1258 574 1539 628 capessendum
1571 571 1631 612 se-

963 647 1061 674 cum
1159 633 1313 674 bellum
1403 631 1629 679 Gallicum,

963 692 1133 733 xxxviii.
1175 704 1242 735 12.
1291 689 1475 739 celerius,
1505 702 1630 742 quam

963 751 1137 807 dignum
1186 749 1405 791 concordia
1451 748 1632 787 fraterna

964 821 1066 860 erat,
1099 809 1228 851 credit
1259 808 1489 850 Eumenem
1524 818 1636 845 mor-

967 877 1102 918 tuum,
1133 867 1217 909 xlii.
1261 869 1325 910 16.
1349 865 1479 906 fidum
1511 863 1550 903 se
1572 863 1635 904 so-

966 927 1079 968 cium
1139 926 1292 981 praebet
1341 921 1541 966 Romanis
1592 921 1636 962 in

968 985 1076 1026 bello
1116 984 1303 1026 adversus
1339 982 1504 1030 Persen,
1545 980 1634 1023 xlii.

973 1056 1042 1098 55.
1068 1044 1135 1099 58.
1154 1047 1223 1098 65.
1243 1052 1279 1084 et
1309 1040 1407 1081 xliv.
1447 1053 1514 1094 13.
1551 1042 1638 1082 Ro-

969 1116 1080 1143 mam
1102 1103 1226 1153 venit,
1265 1103 1348 1142 xlv.
1391 1112 1455 1151 19.
1481 1113 1502 1138 a
1521 1097 1638 1138 Stra-

970 1163 1026 1202 tio
1049 1161 1209 1201 medico
1239 1160 1461 1216 prudenter
1498 1158 1640 1198 admo·

971 1228 1108 1269 netur,
1129 1218 1217 1258 ibid.

916 1278 1086 1330 Attalis,
1116 1276 1248 1318 tribus
1291 1273 1482 1323 Athenis,
1522 1271 1639 1312 xxxi.

978 1352 993 1380 1
1005 1350 1045 1392 5-

919 1393 1445 1445 Attanes‚Turdetanorum
1458 1391 1644 1446 regulus,-

977 1453 1198 1510 transfugit
1218 1466 1241 1491 a
1260 1450 1400 1491 Poenis
1413 1451 1465 1490 ad
1483 1449 1644 1491 Roma-

977 1526 1068 1561 nos,
1092 1525 1231 1552 xxviii.
1260 1522 1322 1563 15·

920 1571 1060 1612 Attica
1078 1580 1198 1616 terra,
1217 1566 1361 1609 xxviii.
1382 1568 1420 1606 8.
1438 1567 1551 1609 xxxi.
1576 1577 1644 1620 14.

976 1628 1220 1675 devastatur,
1282 1625 1370 1664 ibid.
1429 1626 1646 1666 marmoris

977 1686 1110 1741 copia,
1155 1689 1193 1726 δι
1231 1683 1402 1739 ingeniis
1435 1683 1644 1724 artificum

981 1745 1129 1785 eximie
1160 1752 1315 1788 ornata,
1351 1740 1470 1784 xxxi.
1489 1743 1557 1783 26.

926 1806 1048 1859 Atye,
1070 1816 1144 1842 rex
1169 1802 1300 1849 Albae,
1330 1800 1356 1840 i.
1379 1811 1422 1853 3.

928 1861 1136 1905 Austores
1171 1859 1194 1900 fi
1231 1861 1369 1900 Patres
1400 1857 1560 1907 fierent,
1592 1859 1647 1898 ita

982 1923 1146 1960 demum
1169 1928 1304 1958 ratum
1325 1928 1411 1957 erat
1445 1917 1503 1965 id,
1535 1917 1646 1970 quod

981 1979 1157 2033 populus
1173 1976 1419 2026 decrevisset,
1436 1974 1463 2015 i.
1485 1988 1499 2015 1
1511 1989 1548 2027 7.
1563 1974 1647 2016 vid.

979 2038 1166 2078 Senatus.

925 2092 1165 2136 Aueioritas
1183 2093 1356 2135 senatus.
1375 2091 1649 2134 vidsenatus.

927 2155 1118 2202 Audena,
1141 2155 1289 2204 amnis,
1311 2153 1382 2192 x}i.
1409 2166 1477 2207 23.

930 2214 1176 2261 Aventinus,
1204 2226 1278 2254 rex
1302 2212 1440 2262 Albae,
1475 2208 1649 2250 fulmine

985 2272 1107 2319 ictus,
1129 2270 1155 2310 i.
1183 2285 1222 2324 3.

930 2332 1175 2377 Aventinus,
1197 2341 1331 2375 mons,
1353 2327 1378 2366 i,
1403 2329 1443 2368 6.
1467 2324 1559 2368 urbi
1580 2324 1655 2365 ad-

986 2388 1110 2435 ditus,
1163 2388 1201 2426 &
1231 2388 1350 2427 datus
1379 2385 1552 2434 Latinis,
1585 2396 1652 2438 33.

987 2456 1120 2486 coetus
1157 2445 1385 2486 nocturnos
1420 2443 1518 2486 facit
1538 2440 1654 2497 plebs

987 2506 1030 2544 in
1069 2503 1278 2543 Aventino
1313 2512 1467 2554 monte,
1508 2502 1551 2542 ii.
1582 2502 1652 2546 28,

990 2576 1084 2603 eum
1108 2562 1250 2602 insedit
1270 2562 1474 2603 exercitus
1495 2561 1655 2601 Roma-

989 2635 1082 2668 nus,
1099 2620 1249 2662 remiis
1270 2620 1422 2670 castris,
1444 2619 1501 2660 iii.
1524 2632 1593 2672 50.
1613 2619 1655 2657 in

990 2693 1040 2720 eo
1055 2679 1212 2735 sigrium
1233 2692 1393 2721 aeneum
1412 2675 1567 2733 Junoni
1583 2676 1656 2716 de-

1517 2733 1656 2777 dicant
