1871 3121
154 260 209 297 40

209 2028 339 2056 Camilia.
368 2054 369 2057 ,

874 237 926 280 Τ.
979 239 1199 282 LIVII

378 373 519 401 caveas
540 357 690 399 ferreas
720 371 769 412 pe
801 356 1214 398 *intromitterentur
1251 358 1274 380 ¹*
1307 356 1447 397 ferreis
1486 357 1525 396 in
1562 361 1704 395 monte

379 417 543 459 Albano
578 416 824 465 consulibus,
856 418 892 456 ἃ
922 417 1073 456 clivum
1096 416 1376 470 Capitolinum
1400 418 1503 456 silice
1526 415 1706 456 sternen-

377 479 478 518 dum
506 484 766 525 curaverunt,
800 478 839 516 δε
877 475 1079 528 porticum
1112 474 1160 514 ab
1183 475 1268 515 aede
1289 475 1454 515 Saturni
1476 475 1518 515 in
1540 472 1708 526 Capito-

379 536 480 576 lium
504 537 539 589 (1
555 537 593 589 1)
616 535 664 574 ad
684 533 933 583 senaculum,
955 548 1000 574 ac
1022 533 1137 587 super
1161 533 1201 572 id
1223 533 1392 573 curiam.
1416 534 1466 574 Et
1482 542 1594 573 extra
1614 544 1708 586 por-

381 605 464 635 tam
484 592 769 648 Trigeminam
799 592 1030 645 emporium
1061 593 1193 645 lapide
1219 591 1457 641 straverunt,
1490 589 1706 646 stipitibus—

380 667 460 707 que
501 651 733 706 sepserunt:
778 653 815 691 &
840 650 1045 704 porticum
1083 650 1298 690 AEmiliam
1329 652 1421 705 (12)
1443 650 1707 691 reficiendam

382 711 600 751 curarunt:
631 708 903 764 gradibusque
925 708 1159 749 adscensum
1183 707 1231 748 ab
1253 708 1395 748 Tiberi
1417 709 1458 748 in
1476 708 1709 763 emporium

380 769 580 810 fecerunt.
625 771 663 809 &
703 770 794 821 (¹3)
826 776 941 808 extra
973 768 1159 807 eamdem
1196 777 1354 821 portam
1387 766 1429 806 in
1454 766 1710 809 Aventinum

380 828 585 882 porticum
608 826 711 866 silice
735 825 975 875 straverunt,
1011 828 1048 865 δε
1082 827 1173 880 (14)
1193 839 1241 865 eo
1259 824 1422 880 publico
1445 825 1494 865 ab
1516 825 1602 866 aede
1626 825 1711 865 Ve-

381 886 488 927 neris
511 885 709 926 fecerunt.
774 884 904 924 Iidem
927 884 1095 924 Calatiae
1121 888 1161 927 ἃ
1185 884 1359 924 Auximi
1386 898 1526 924 muros
1558 883 1712 924 facien-

380 945 454 985 dos
485 946 748 985 locaverunt:
783 941 1036 996 venditisque
1059 941 1111 982 ibi
1134 942 1307 996 publicis
1327 942 1441 991 locis,
1474 942 1708 996 pecuniam,

380 1017 474 1056 quae
493 1001 656 1042 redaem
675 1010 775 1049 erat,
798 1000 975 1041 tabernis
996 1000 1154 1055 utrique
1176 1000 1267 1040 soro
1289 1000 1591 1042 circumdandis
1613 1014 1712 1042 con-

381 1060 649 1115 sumpserunt.
697 1061 735 1098 ἃ
766 1059 867 1098 alter
886 1073 935 1099 ex
968 1059 1016 1100 iis
1039 1059 1204 1099 Fulvius
1233 1060 1402 1099 Flaccus
1432 1061 1544 1114 (nam
1564 1059 1711 1100 Postu-

380 1119 489 1159 mius
510 1117 626 1166 nihil,
649 1117 719 1156 nisi
743 1115 902 1158 senatus
934 1117 1115 1158 Romani
1137 1118 1326 1172 populive
1345 1118 1469 1173 jussu,
1502 1117 1539 1158 se
1557 1119 1713 1159 locatu-

380 1191 474 1217 rum
513 1176 691 1231 ipsorum
729 1176 946 1230 pecuniff)
975 1177 1087 1229 Jovis
1119 1177 1248 1216 ‘eedem
1280 1176 1450 1224 Pisauri,
1486 1176 1710 1227 &Fundis,

381 1239 423 1276 δι
439 1239 469 1284 ἺῘ
490 1234 701 1276 Pollentiae
719 1234 845 1274 etiam
865 1247 1013 1287 aquam
1042 1227 1340 1283 adducendam,
1371 1236 1410 1273 δε
1428 1233 1584 1274 Pisauri
1605 1234 1714 1276 viam

381 1293 486 1335 filice
519 1294 793 1345 sternendam,
826 1294 866 1333 &
887 1292 1112 1333 Sinuessam
1135 1308 1155 1332 a
1178 1307 1226 1348 ga
1246 1294 1268 1316 ὃ*
1291 1292 1464 1333 aviariae.
1514 1295 1562 1333 In
1584 1293 1646 1334 his
1671 1295 1712 1334 &

379 1353 445 1394 clo
465 1353 487 1376 *ὲ
506 1366 575 1393 um
595 1351 914 1393 circumducend
938 1351 961 1374 '¹¹‘
984 1353 1025 1393 ἅτ
1050 1351 1187 1391 forum
1210 1350 1430 1405 porticibus
1457 1351 1714 1406 tabernisque

381 1411 672 1459 claudendum,
711 1411 751 1450 <Sc
774 1414 798 1461 †
824 1409 950 1461 Janos
984 1418 1065 1450 tres
1106 1409 1328 1450 faciendos.
1394 1410 1496 1451 Haec
1541 1410 1589 1451 ab
1628 1424 1714 1452 uno

381 1469 544 1509 censore
565 1482 688 1523 opera
708 1468 854 1515 locata,
877 1480 972 1507 cum
994 1468 1139 1523 magna
1157 1468 1284 1522 gratia
1299 1468 1554 1508 colonorum.
1616 1469 1715 1509 Mo-

384 1528 494 1568 ribus
535 1539 700 1581 quoque
739 1525 929 1580 regendis
959 1525 1130 1582 diligens
1164 1528 1204 1567 ἃ
1244 1526 1377 1567 severa
1419 1527 1585 1568 censura
1617 1528 1713 1570 fuit.

384 1586 524 1626 multis
544 1585 641 1639 equi
660 1583 852 1638 adempti.

442 1644 646 1684 XXVIII.
681 1642 968 1698 (XXXIII.)
1020 1641 1143 1682 Exitu
1175 1641 1301 1697 prope
1334 1643 1429 1682 anni
1452 1643 1559 1683 diem
1581 1657 1714 1686 unum

383 1702 623 1757 supplicatio
645 1701 724 1742 fuit
746 1701 798 1743 ob
820 1715 883 1742 res
913 1698 1100 1755 prospere
1132 1702 1261 1756 gestas
1293 1701 1335 1741 in
1367 1701 1562 1756 Hispania
1583 1702 1716 1744 dutstu

384 1760 645 1815 auspicioque
665 1762 746 1815 Ap.
769 1759 934 1802 Claudii
956 1759 1206 1813 proconsulis
1224 1775 1232 1800 :
1271 1762 1309 1799 &
1329 1760 1550 1816 majoribus
1572 1760 1714 1804 hostiis

385 1819 529 1874 viginti
560 1818 842 1860 sacrificatum.
871 1820 911 1859 &
935 1820 1108 1858 alterurn
1133 1817 1241 1857 diem
1262 1817 1502 1872 supplicatio
1519 1820 1569 1859 ad
1591 1819 1716 1861 Cere-

385 1877 456 1928 ris,
481 1884 505 1930 †
533 1877 686 1927 Liberi,
707 1876 949 1930 Liberaeque
972 1876 1065 1925 fuit,
1099 1875 1210 1929 quod
1233 1890 1282 1916 ex
1303 1876 1460 1917 Sabinis
1487 1887 1604 1918 terrae
1626 1893 1716 1920 mo-

386 1946 452 1976 tus
473 1936 616 1991 ingens
637 1949 731 1976 cum
764 1935 904 1975 multis
936 1934 1202 1975 aedificiorum
1225 1935 1353 1975 ruinis
1374 1936 1593 1976 nunciatus
1615 1947 1715 1979 erat.

385 1994 530 2052 Qum
569 1996 677 2048 App.
713 1994 909 2034 Claudius
930 2007 978 2033 ex
1000 1992 1197 2047 Hispania
1228 1993 1408 2033 Romam
1439 1993 1615 2045 rediffet,
1645 1997 1717 2037 de·

386 2053 511 2092 crevit
534 2052 709 2102 senatus,
732 2062 776 2092 ut
798 2066 922 2092 ovans
946 2051 1086 2091 urbem
1110 2051 1242 2092 iniret.
1291 2052 1385 2105 Jam
1409 2052 1632 2094 consularia
1646 2068 1715 2095 co-

386 2111 499 2150 mitia
538 2110 810 2165 appetebant3
850 2109 1013 2164 quibus,
1064 2112 1209 2165 magna
1260 2110 1525 2151 contentione
1565 2111 1714 2155 habitis

387 2179 554 2224 propter
583 2168 891 2209 multitudinem
923 2168 1169 2222 petentium,
1219 2169 1344 2209 creati
1385 2169 1433 2209 L.
1479 2170 1716 2212 Postumius

390 2228 566 2269 Albinus
599 2230 639 2269 ἃ
675 2227 739 2268 M.
780 2226 977 2282 Popillius
1017 2227 1175 2268 Laenas.
1251 2230 1446 2268 Praetores
1474 2228 1569 2269 inde
1598 2228 1716 2280 faeti,

1450 2295 1475 2341 †
1494 2286 1551 2328 N.
1566 2286 1716 2329 Fabius

390 2403 567 2434 recensere.
606 2402 685 2442 (11)
712 2401 903 2444 Legendum
927 2402 1056 2433 videtur
1080 2405 1115 2434 ἐς(
1133 2403 1302 2443 senaculum.
1325 2402 1394 2434 Alii
1426 2403 1531 2446 legere
1553 2403 1669 2437 volunt
1686 2408 1715 2437 in

393 2450 557 2489 Capitolio:
583 2448 646 2479 fuit
674 2447 761 2479 enim
785 2447 915 2478 Saturni
945 2449 1025 2479 κάμε
1053 2448 1084 2478 in
1102 2448 1186 2478 clivo
1204 2448 1405 2489 Capitolino.
1453 2451 1590 2480 senacula
1601 2459 1717 2483 autem

391 2491 463 2523 loca
489 2501 594 2530 erant,
621 2492 654 2523 in
683 2492 804 2534 quibus
828 2492 966 2524 seniores
999 2492 1203 2524 consultandi
1236 2493 1340 2535 gratia
1371 2492 1536 2527 conslstere
1562 2495 1717 2528 solebant.

393 2538 550 2568 Senacula
574 2537 637 2569 tria
648 2537 740 2569 fuisse
757 2540 883 2575 Romae,
898 2538 1030 2570 testatur
1049 2539 1165 2569 Festus.
1203 2540 1280 2579 (12)
1296 2540 1375 2583 Qae
1388 2539 1517 2571 tantum
1528 2550 1616 2572 nono
1632 2540 1719 2572 deci-

392 2593 447 2612 mo
460 2584 535 2612 ant'e‘
553 2592 636 2613 anno
653 2583 812 2614 exstru&a
829 2582 920 2614 fuisse
936 2591 1088 2616 narratur
1105 2583 1202 2625 supra
1225 2584 1244 2615 l.
1264 2593 1321 2623 35.
1339 2595 1365 2615 c.
1391 2594 1444 2617 10.
1476 2581 1556 2625 (1¹3)
1576 2585 1717 2619 Fortasse

391 2630 472 2657 intra
488 2630 606 2658 eamdem
625 2635 762 2669 portam:
792 2629 996 2660 Aventinum
1021 2629 1107 2660 enim
1132 2633 1242 2661 Ancus
1258 2640 1314 2660 rex
1341 2629 1414 2661 urbi
1428 2629 1583 2662 addidisse
1597 2630 1717 2664 dicitur

393 2672 490 2722 supra
510 2672 528 2702 l.
551 2684 577 2704 x.
595 2683 622 2703 c.
646 2682 699 2712 33.
733 2672 812 2714 (14)
826 2674 1015 2714 Suspicatur
1028 2674 1213 2705 Gronovius
1235 2675 1567 2719 &bfflicam-adaedem
1586 2677 1717 2708 Veneris.

393 2717 584 2767 Perizqnius
596 2718 740 2759 conjicit,
751 2718 886 2750 vocibus
898 2730 925 2750 eo
936 2720 1048 2762 publico
1065 2720 1165 2751 latei-e
1180 2721 1302 2752 clivum
1319 2718 1516 2761 Publicium,
1537 2720 1595 2764 qui
1610 2724 1716 2765 prope

395 2765 595 2794 Aventinum
612 2771 693 2794 erat.
