1804 3121
405 219 644 263 LIBER
695 218 849 261 xmv.
900 219 1056 261 CAP.
1106 220 1217 260 xm.
1619 231 1695 273 193

150 350 176 376 a
192 336 464 383 subsistentibus,
486 336 654 376 instantes
673 337 828 389 denique
860 336 950 376 hosti
971 338 1014 375 ab
1043 336 1210 388 impullis.
1241 336 1339 375 inviti
1369 337 1467 381 licet,

152 390 346 431 necessario
375 391 604 431 divelluntur.
666 393 765 443 Ergo
785 403 823 429 ut
842 393 991 430 omnino
1011 405 1188 442 rumperet
1203 393 1369 429 ordinem
1386 390 1470 429 lios-
1491 376 1551 428 αἶ’
1573 375 1697 415 zmperat

153 447 262 492 tium,
282 450 315 484 &
330 446 650 497 inexpugnabilem
680 448 778 485 illam
802 444 974 484 universae
996 446 1181 508 phalangis
1204 447 1273 482 vim
1305 445 1338 481 in
1359 423 1516 495 multasiZ
1520 423 1554 495 Τ’
1547 420 1682 495 zise„-

153 500 354 539 minutatim
387 502 512 552 proelia
541 514 717 551 carperet,
754 502 904 552 imperat
933 499 1013 544 suis,
1044 511 1083 538 ut
1112 500 1238 537 intenti
1260 497 1375 550 quficu
1380 511 1470 549 nque
1487 492 1666 548 tg‘rhostium

153 555 261 592 rimas
278 567 386 604 agere
419 553 583 592 hostilem
610 558 725 593 aciem
754 554 927 599 viderint,
956 555 1039 592 illuc
1060 552 1205 605 quisque
1231 555 1363 603 impetu
1384 552 1472 590 infe·
1491 558 1611 587 ordines.

150 619 288 653 rantur,
306 607 412 661 seque
430 611 610 647 cuneatim
630 611 665 647 in
693 609 828 647 hiantia
845 609 900 646 vel
923 609 1103 647 tantillum
1131 607 1238 659 spatia
1259 606 1473 646 infinuantes

151 660 291 701 strenue
305 675 382 700 rein
397 673 519 713 agant.
579 663 668 701 Hoc
689 663 815 701 edito
805 664 971 714 imperio,
996 664 1029 698 δε
1048 676 1110 713 per
1129 673 1244 700 totum
1271 662 1474 699 exercitum

150 716 378 760 circumlato,
394 716 465 768 ipse
484 717 633 756 alteram
653 732 673 756 e
690 717 888 768 legionibus
903 717 959 768 in]
991 715 1184 769 proelium
1207 715 1334 754 ducit.

207 771 320 814 XLI.
356 773 554 814 Movebat
584 773 743 829 imperii
764 774 962 830 majestas,
995 773 1122 827 gloria
1144 773 1234 822 viri,
1269 783 1361 812 ante
1383 786 1474 812 om-

150 830 219 871 nia
238 844 355 884 retas,
384 831 497 903 quod
517 833 648 889 major
668 832 873 887 sexaginta
903 832 1021 873 annis
1045 833 1246 888 juvenum
1274 830 1414 871 munia
1431 831 1474 871 in

149 898 263 944 parte
283 890 489 957 praecipua
515 890 663 931 laboris
694 891 946 945 periculique
977 890 1475 949 capeffebat.1nterval-

148 949 253 998 lum,
271 950 414 1003 quod'
403 961 510 989 mter
540 959 726 990 caetratos
761 951 798 990 3<
823 950 1044 1006 phalanges
1073 952 1108 1004 (1
1122 953 1258 1004 >erat‚
1290 948 1474 1003 implevit

150 1007 273 1063 legio,
295 1017 416 1061 atque
449 1007 578 1048 aciem
600 1007 777 1049 hostium
801 1007 1029 1062 interrupit.
1096 1011 1134 1050 A
1164 1019 1281 1063 tergo
1299 1006 1474 1047 caetratis

149 1074 255 1116 erat,
285 1065 464 1106 frontem
495 1065 687 1107 adversus
718 1067 913 1120 clipeatos
935 1066 1131 1107 habebat:
1161 1066 1382 1122 aglaspides
1404 1080 1473 1119 ap-

147 1123 418 1178 pellabantur.
479 1124 712 1166 Secundam
748 1125 951 1180 legionem
981 1125 1029 1166 L.
1059 1124 1231 1165 Albinus
1253 1124 1474 1166 consularis

146 1183 300 1223 ducere
321 1182 509 1224 adversus
530 1183 800 1239 leucaspidem
830 1183 1074 1239 phalangem
1091 1184 1246 1239 jussus:
1280 1197 1327 1223 ea
1341 1182 1477 1223 media

150 1241 257 1282 acies
277 1241 453 1282 hostium
474 1242 566 1283 fuit.
613 1245 675 1297 (2)
698 1243 744 1281 In
765 1244 957 1282 dextrum
980 1256 1122 1291 cornu,
1145 1242 1253 1282 unde
1274 1242 1382 1282 circa
1399 1240 1477 1280 fi'u-

149 1300 263 1340 vium
296 1300 552 1340 commiffum
588 1301 782 1354 proelium
822 1310 924 1351 erat,
966 1300 1201 1356 elephantes
1239 1304 1265 1352 ΔΓ
1298 1299 1477 1349 inducti,

152 1362 194 1399 &
210 1360 271 1413 (3)
294 1359 354 1399 ala
378 1358 578 1399 sociorum
595 1374 606 1398 ε
625 1362 666 1400 δε
682 1359 777 1399 hinc
799 1362 862 1414 (4)
883 1358 1064 1414 primum
1082 1359 1179 1414 fuga
1195 1359 1476 1399 Macedonum

150 1417 210 1458 est
231 1427 332 1458 orta.
392 1416 504 1457 Nam
525 1417 624 1457 ficut
646 1418 837 1471 pleraque
859 1432 963 1457 nova
985 1421 1047 1472 (5)
1070 1428 1303 1458 commenta
1326 1426 1478 1456 morta·
1549 1416 1570 1456 ‘l

151 1477 252 1517 lium
275 1475 316 1516 in
339 1475 470 1516 verbis
502 1475 584 1516 vim
616 1475 780 1524 habent,
811 1476 1076 1530 experiendO,
1113 1489 1240 1529 quum
1263 1475 1344 1530 agi,
1377 1488 1476 1524 non,

149 1535 502 1588 quemadmodum
524 1543 710 1589 agantur,
727 1534 896 1583 edifferi,
912 1544 1091 1589 oportet,
1115 1534 1195 1574 sine
1218 1535 1302 1573 ullo
1323 1533 1477 1574 effectu

152 1593 428 1642 evanescunt3
459 1593 513 1633 ita
538 1601 629 1633 tum
646 1592 882 1647 elephant-'i'
871 1607 915 1633 m
930 1593 1016 1633 acie
1038 1607 1189 1633 nomen
1211 1595 1372 1634 tantum
1397 1591 1478 1632 fine

156 1651 230 1693 usu
272 1651 452 1692 fuerunt.
524 1651 852 1705 Elephantorum
896 1651 1099 1706 impetum
1141 1651 1342 1692 subsecuti
1386 1650 1478 1690 sun-t
1498 1646 1645 1689 Fugantur

155 1709 252 1751 socii
273 1710 454 1751 nominis
483 1709 636 1756 Latini,
674 1711 1005 1765 pepuleruntque
1037 1712 1185 1751 ltevum
1225 1724 1367 1751 cornu.
1430 1710 1479 1750 In
1499 1693 1549 1724 M
1545 1695 1637 1725 ΜΨ
1629 1705 1685 1723 ”’”’

154 1769 291 1810 medio
313 1768 488 1810 secunda
510 1769 616 1825 legio
640 1769 810 1808 immiffa
833 1768 1030 1824 diffipavit
1063 1771 1320 1824 phalangem.
1345 1782 1479 1822 neque

155 1829 238 1868 ulla
273 1827 498 1870 evidentior
538 1827 656 1868 caula
699 1827 881 1868 victoriae
921 1828 1014 1877 fuit,
1057 1827 1181 1882 quam
1215 1827 1327 1882 quod
1351 1828 1481 1868 multa

152 1886 294 1941 passirn
321 1887 466 1944 proelia
496 1895 626 1937 erant,
655 1901 750 1941 quae
779 1886 1053 1927 flufifflantem
1084 1886 1298 1927 turbarunt
1330 1885 1481 1940 primo,

153 1945 302 1987 deinde
323 1945 571 2001 disjecerunt
590 1944 834 2000 phalangem
855 1963 863 1987 ε
898 1947 1015 2001 cujus
1035 1945 1231 1986 confertae
1256 1949 1294 1988 δι
1314 1945 1482 1989 intentis

154 2003 358 2044 horrentis
379 2004 503 2045 hastis
525 2004 800 2044 intolerabiles
816 2004 919 2045 vires
937 2004 1043 2045 sunt.
1103 2004 1146 2045 Si
1173 2010 1188 2055 ΙΙ
1215 2004 1389 2058 carptim
1412 2017 1482 2059 ag-

153 2062 377 2118 grediendo
399 2063 674 2118 circumagere
692 2062 944 2102 immobilem
974 2066 1036 2118 (6)
1054 2062 1307 2118 longitudine
1333 2065 1372 2104 &
1391 2076 1483 2117 gra-

156 2121 280 2163 vitate
311 2120 467 2162 hastam.
502 2135 638 2178 cogas,
663 2120 834 2162 confusa
864 2121 970 2163 strue
998 2121 1285 2179 implicantur:
1320 2121 1345 2161 fi
1383 2120 1480 2161 vero

215 2179 339 2221 ToM.
363 2180 462 2221 VII.
829 2179 870 2220 O
1411 2189 1482 2221 aut

206 2301 246 2331 C·
270 2309 325 2337 4¹·
373 2298 428 2341 (ἶ)
445 2300 574 2342 Nempe
597 2301 768 2342 aglczspl'a'em
795 2298 827 2330 ἃ·
848 2301 1041 2343 leucaspidem.
1087 2299 1280 2343 Aglaspides
1304 2300 1377 2332 sunt
1403 2308 1485 2341 quoS

160 2345 356 2377 Plutarchus
364 2347 553 2387 chalcaspidas
572 2346 726 2387 appellat.
756 2346 810 2384 (2)
830 2346 971 2378 Romani
988 2347 1022 2377 in
1039 2346 1190 2377 dextrum
1207 2356 1309 2377 cornu
1325 2344 1486 2377 exercitiis

159 2390 222 2428 sui,
236 2390 347 2422 sivein
365 2390 505 2433 primam
522 2390 608 2423 istius
625 2401 728 2422 cornu
753 2391 868 2430 aciem,
890 2392 1046 2424 induxere
1063 2391 1266 2433 elephantos.
1285 2402 1366 2431 quos
1388 2390 1487 2421 habe-

160 2437 254 2473 bant,
277 2436 310 2466 δε
325 2436 409 2467 alam
425 2436 601 2475 sociorum,
623 2444 660 2467 ut
681 2436 802 2469 laevnm
830 2448 933 2470 cornu
957 2436 1118 2469 exercitus
1144 2436 1265 2467 hostilis
1283 2437 1487 2467 invaderent.

159 2483 217 2523 (3)
233 2480 390 2512 Excidiffe
401 2481 533 2513 videtur
549 2493 612 2512 vox
621 2484 737 2519 dextra,
752 2484 944 2527 autfing'stra.
990 2485 1069 2515 Duae
1082 2481 1168 2513 enim
1183 2485 1272 2513 fuere
1290 2483 1303 2521 ss
1318 2483 1369 2512 αἶα
1385 2480 1487 2512 socio-

161 2537 248 2558 rum.
296 2525 350 2566 (4)
365 2526 492 2558 Scilicet
509 2537 548 2558 ex
561 2529 686 2568 impetu
704 2528 759 2559 alae
776 2527 947 2559 sociorum.
994 2529 1081 2559 Mox
1099 2528 1131 2557 τῖι
1143 2539 1212 2557 nam
1226 2528 1351 2558 causam
1368 2526 1489 2565 reddit,

159 2583 219 2604 cur
243 2571 277 2603 id
306 2571 471 2613 elephanti
500 2571 626 2603 efficere
655 2583 721 2603 non
739 2575 918 2614 potuerint.
965 2575 1019 2613 (5)
1047 2571 1238 2614 Elephantis
1261 2573 1348 2604 haud
1366 2580 1489 2605 temere

163 2625 238 2650 ante
252 2618 321 2649 haec
339 2626 487 2659 tempora
513 2620 545 2648 ir
563 2616 683 2659 proeliis
700 2617 747 2648 ufi
764 2617 837 2648 sun·
859 2618 1011 2650 Romani.
1058 2620 1120 2649 Eos
1145 2618 1277 2659 quidem
1309 2617 1345 2650 iu
1367 2617 1485 2660 proelio

162 2673 238 2699 eum
260 2662 430 2696 Antiocho
454 2662 689 2701 adhibuerunt;
713 2663 766 2694 sed
791 2664 922 2695 tantum
946 2663 1015 2705 post
1035 2663 1166 2695 triarios
1189 2663 1223 2695 in
1238 2663 1378 2696 subfidio
1391 2662 1490 2696 locati

162 2701 246 2752 sunt.
270 2710 411 2753 suprai.
431 2719 483 2750 37.
509 2721 534 2741 c
564 2717 619 2751 39.
666 2688 720 2751 (¹6)
746 2709 804 2739 Str}
808 2708 936 2770 issarum
966 2709 1204 2753 longitudinem
1233 2710 1311 2752 olim
1339 2710 1493 2746 sedecim,

1382 2755 1491 2791 vostea
