1794 3121
659 185 1158 231 Ι[ΝΒΕΧ.

263 308 449 363 Pavoris,
473 313 563 358 ibid.

258 369 530 427 Proserpinae,
551 373 660 418 xxix.
697 376 762 417 18.
783 387 856 416 ex·

185 427 358 481 pilatum
381 446 402 472 a
424 432 646 484 Pleminio,
679 432 789 475 xxix.
816 436 854 477 8.

193 489 260 528 18.
291 488 372 532 vid.
404 499 440 530 et
470 491 584 536 xxxi,
622 505 685 536 12.
724 491 855 535 xxxii.

191 556 227 584 1.

256 603 436 660 Quietis,
455 607 506 649 iv.
531 621 603 664 41.

125 684 241 692 -———
261 663 466 718 Termini,
485 667 510 708 i.
532 681 602 723 55.

123 739 237 752 -——
261 721 517 777 Voltumnae,
534 729 587 768 iv.
614 740 764 784 ²3·25·
782 727 850 769 61.

183 792 222 822 v,
251 794 314 836 17.
337 785 389 824 vi.
414 797 451 827 2.

124 834 283 880 Fanum
337 846 548 897 quomodo
598 843 758 888 differat
799 841 850 884 ab

186 899 288 949 aede,
319 917 366 943 x.
390 916 455 957 37.

123 954 332 999 Fanorum
355 962 538 1016 expiatio
559 963 602 1003 in
632 962 746 1004 libris
776 975 848 1017 per

124 1072 133 1080 ο
182 1016 422 1061 duumviros
441 1022 622 1075 quaefita,
640 1038 676 1066 v.
694 1036 762 1077 50.

123 1087 164 1113 m
207 1075 327 1118 Fanis
370 1080 582 1131 omnibus,
619 1083 659 1122 in
701 1080 851 1138 quibus

182 1135 475 1180 leffisternium
508 1141 708 1196 majorem
759 1154 852 1197 par-

181 1205 266 1235 tem
289 1197 384 1237 anni
415 1196 503 1238 fieri
524 1199 640 1250 solet,
663 1200 850 1241 consules

182 1268 247 1294 res
277 1254 438 1298 divinas
460 1259 687 1314 majoribus
708 1258 851 1300 hostiis

182 1312 358 1366 faciunt,
382 1315 516 1357 xxxvi.
547 1330 581 1360 1.

124 1367 259 1413 Farris
277 1372 430 1415 selibrae
453 1374 516 1419 M.
538 1376 701 1418 Manlio
725 1375 849 1426 datae,

180 1446 218 1475 V·
241 1444 311 1486 47·

125 1487 270 1532 Fasces
309 1504 393 1532 non
425 1491 546 1534 ambo
585 1491 772 1533 consules
807 1492 851 1532 in

185 1549 285 1591 urbe
306 1549 474 1601 habent,
492 1551 532 1594 ii.
559 1565 593 1592 1.

126 1632 239 1639 -—
257 1611 413 1664 populo
446 1609 624 1651 submissi
649 1623 671 1651 a
693 1608 740 1651 P.
765 1608 850 1651 Va-

182 1668 302 1719 lerio,
320 1668 361 1710 ii.
388 1683 424 1726 7.

125 1727 367 1783 ——capti
400 1744 422 1770 a
445 1727 603 1778 Poenis,
640 1735 853 1783 ponuntur

181 1795 276 1828 ante
335 1787 516 1830 tribunal
578 1786 853 1843 imperatoris,

181 1860 275 1887 xxv.
303 1848 369 1891 16.

256 1919 279 1945 a
329 1905 596 1948 multitudine
646 1902 852 1947 concitata

183 1961 450 2019 franguntur,
479 1964 523 2004 ii.
548 1976 620 2019 55.
642 1963 699 2008 iii.
721 1979 791 2020 49.

126 2021 234 2064 Fasti
250 2022 337 2064 dies
359 2021 461 2065 faffi
483 2037 506 2064 a
527 2036 622 2080 rege
639 2021 797 2074 Numa,
829 2021 857 2065 i.

118 2100 121 2103 Α
193 2094 259 2135 19,
549 2097 551 2100 .

128 2139 269 2181 Fastos
291 2139 400 2182 circa
417 2139 555 2180 forum
584 2139 626 2180 in
647 2138 739 2180 albo
761 2146 857 2193 pro-

185 2198 304 2254 ponit
354 2199 533 2250 Flavius,
573 2207 635 2248 ut,
687 2199 855 2252 quando

187 2260 278 2313 iege
315 2258 381 2314 agi
416 2257 557 2312 poffet,
591 2256 775 2307 sciretur,
799 2256 854 2302 ix.

117 2372 255 2425 Fasti,
288 2374 330 2414 in
369 2387 475 2429 quos
504 2375 674 2417 nomina
706 2376 854 2417 consu-

187 2435 276 2475 lum
299 2432 636 2488 difitatorumque
669 2446 765 2476 cum
785 2449 855 2476 eo-

120 2511 124 2514 ·
186 2506 280 2534 rum
317 2491 439 2533 rebus
471 2491 593 2548 gestis
623 2491 856 2535 refereban-

188 2563 270 2602 tur,
293 2552 357 2592 ix.
388 2554 453 2594 18.

132 2609 292 2653 Fatales
328 2609 432 2654 libri.
478 2609 559 2651 vid.
584 2609 789 2667 Sibyllini,
821 2619 858 2652 et

1564 185 1662 239 ,4¹9

974 311 1106 354 Libri.

916 372 1073 414 Fauces
1112 368 1164 410 ad
1188 366 1472 424 Antigoniam,
1511 367 1645 413 xxxii.

915 489 1071 530 Fauces
1091 485 1252 537 Isthmi,
1268 485 1417 528 xxxii.
1444 499 1510 530 21.

915 547 1073 589 Fauces
1121 545 1373 587 Thessaliam
1411 544 1463 586 ab
1507 542 1641 584 Atha-

973 606 1110 648 mania
1130 604 1375 657 dividentes,
1389 603 1517 645 xxxii.
1547 613 1610 652 14.

913 666 1086 714 Fauces,
1108 676 1202 719 quae
1229 662 1371 706 ferunt
1387 663 1432 705 in
1459 664 1642 717 Tempe,

970 724 1117 766 xxxiii.
1143 734 1208 778 13.

910 783 1062 828 Faucia
1083 781 1212 833 curia,
1234 780 1292 823 ix.
1331 783 1402 837 38.

910 843 1092 886 Faucula
1107 841 1270 883 Cluvia.
1288 841 1370 883 vid.
1393 838 1557 884 Cluvia.

911 904 943 945 F
946 902 1043 944 auni
1064 902 1190 953 aedes,
1209 899 1335 950 {fasta
1357 900 1401 940 in
1421 899 1558 940 Insula
1578 910 1636 939 ex

966 959 1143 1017 pecunia
1195 958 1442 1011 multaticia,
1489 957 1636 1000 xxxiii.

969 1033 1043 1073 42.
1060 1018 1264 1070 dedicata,
1280 1018 1423 1060 xxxiv.
1449 1030 1521 1073 53.

911 1079 1098 1129 Faveria,
1116 1077 1317 1133 oppidum
1340 1077 1485 1127 Istriae,
1507 1075 1547 1117 vi
1569 1089 1638 1118 ca-

968 1141 1079 1195 pitur
1100 1151 1123 1177 a
1140 1136 1360 1186 Romanis,
1383 1135 1456 1177 xli.
1486 1147 1553 1190 15.

912 1197 1082 1239 Favonii
1104 1195 1232 1246 venti,
1254 1195 1415 1237 xxxvii.
1439 1206 1508 1249 23.

912 1256 1145 1305 Faustulus,
1166 1254 1269 1311 regii
1299 1253 1461 1311 pecoris
1493 1252 1640 1309 magis-

969 1326 1045 1367 ter,
1072 1314 1246 1358 Romuli
1279 1317 1319 1356 δι
1345 1312 1471 1354 Remi
1508 1311 1641 1354 serva·

968 1385 1033 1416 tor
1054 1376 1096 1416 &
1119 1374 1331 1423 educator,
1353 1374 1378 1412 i.
1400 1386 1443 1424 4.
1469 1380 1509 1422 5.

911 1433 1002 1475 Fax
1036 1433 1184 1488 ingens
1218 1431 1310 1472 arfit
1341 1430 1385 1471 in
1413 1431 1536 1472 coelo.
1559 1430 1641 1475 vid.

969 1491 1229 1548 Prodigium.

910 1550 1086 1594 Facibus
1103 1548 1342 1592 ardentibus
1355 1557 1512 1592 armata
1528 1550 1638 1590 mul-

969 1610 1120 1660 titudo,
1142 1609 1198 1649 iv.
1218 1621 1288 1665 33.

910 1668 1089 1712 Facibus
1131 1667 1370 1710 ardentibus
1415 1665 1638 1723 anguibus-

971 1742 1052 1784 que
1072 1729 1266 1783 praelatis,
1289 1727 1516 1769 sacerdotes
1535 1725 1642 1767 Tar-

972 1786 1250 1842 quinienfium
1281 1785 1456 1826 militem
1485 1785 1642 1827 Roma-

973 1860 1076 1887 num
1096 1853 1267 1895 terrent,
1287 1843 1360 1886 vii:
1377 1858 1439 1901 ¹7·

913 1904 1149 1947 Februariae
1175 1904 1390 1953 Kalendae,
1410 1902 1565 1945 xxxvii.
1571 1917 1593 1959 5
1602 1907 1641 1945 8.

915 1965 1090 2007 Fecenia
1105 1963 1294 2020 Hispala.
1326 1962 1408 2005 vid.
1425 1961 1612 2019 Hispala.

913 2023 1139 2067 Fecialium
1179 2021 1427 2064 caerimoniae
1468 2022 1512 2063 in
1554 2021 1643 2062 san-

971 2082 1127 2126 ciendis
1154 2081 1399 2133 foederibus,
1421 2081 1447 2122 i.
1473 2094 1540 2134 24.
1574 2082 1640 2122 ix,

974 2155 1014 2198 5.
1069 2142 1112 2182 in
1161 2141 1383 2184 indicendo
1434 2140 1560 2194 bello,
1610 2141 1640 2182 i.

979 2213 1050 2256 32.

914 2260 1098 2303 Feciales
1134 2259 1356 2301 mittuntur
1393 2259 1444 2299 ad
1485 2271 1548 2299 res
1580 2270 1644 2298 re·-

971 2318 1189 2376 petendas‚
1224 2319 1280 2359 iv.
1315 2333 1385 2373 30.
1422 2317 1492 2357 vii.
1533 2319 1572 2358 6.
1598 2329 1639 2371 9.

978 2379 1043 2420 16.
1071 2390 1140 2432 32.
1173 2376 1261 2418 viii.
1299 2389 1367 2420 22.
1406 2375 1462 2419 ix.
1494 2389 1567 2434 45.
1590 2389 1639 2416 x.

977 2449 1048 2481 12.

914 2492 1246 2550 --jubentur
1296 2492 1355 2535 ire
1405 2494 1458 2536 ad
1501 2494 1643 2539 foedus

974 2552 1230 2603 feriendum,
1251 2562 1373 2593 xxx.
1400 2566 1472 2608 43.

916 2609 1385 2713 FecialiumEcollegium
1413 2612 1648 2656 consultum

1178 2683 1201 2712 e
1216 2685 1240 2717 2
1597 2679 1648 2718 de
