1840 3131
310 211 551 254 LIBER
604 209 716 252 XLl.
781 210 951 252 CAP.
1006 209 1081 251 IX.
1143 211 1336 272 (XIII.)
1647 221 1700 256 15

150 328 341 370 trecentis
358 330 435 381 (3),
471 329 511 369 δε
527 327 720 394 quinque
743 327 869 367 millia
891 327 1075 382 peditum
1099 326 1315 378 sociorum,
1350 331 1388 370 δι
1408 329 1483 369 du·

150 397 291 428 centos
313 386 610 441 quinquaginta
633 387 794 427 mittere
816 386 974 440 equites
997 386 1038 425 in
1075 385 1315 440 Hispaniam
1338 388 1485 428 consu-

93 462 95 468 ’
150 447 209 487 les
229 446 278 485 ad
304 446 368 485 M.
392 445 597 485 'litinium
617 445 722 502 jussi.
784 445 1029 512 Priusquam
1051 444 1236 486 consules
1257 446 1485 499 provincias
1504 444 1654 487 Pruvgy'ae.

151 504 407 554 sortirentur,
451 505 634 561 prodigia
680 504 872 544 nunciata
915 503 1019 544 sunt.
1081 503 1282 558 Lapidem
1315 503 1356 543 in
1389 520 1486 559 agro

151 562 420 604 Crustumino
466 563 507 602 in
525 566 586 618 (4)
631 565 765 604 lacum
813 562 962 604 Martis
1023 563 1073 603 de
1121 564 1229 603 coelo
1285 563 1486 603 cecidifl'e.

151 622 333 663 Puerum
368 622 582 678 trunci(5)
635 621 818 677 corporis
865 622 906 661 in
955 636 1052 677 agro
1086 620 1281 662 Romano
1324 631 1488 674 natum,

152 683 194 721 δε
231 681 543 735 quadrupedem
593 695 771 737 anguem
822 680 978 721 visum:
1012 683 1052 722 δι
1086 679 1240 735 Capuae
1277 682 1406 721 multa
1443 680 1488 722 in

152 737 245 779 foro
286 738 460 780 aedificia
499 741 549 780 de
586 742 693 781 coelo
745 738 883 780 taeta:
934 741 972 780 &
1011 738 1194 780 Puteolis
1225 740 1326 780 duas
1364 753 1489 781 naves

152 796 341 839 fulminis
394 797 482 839 ie‘tu
538 809 823 840 concrematas
873 798 964 839 effe.
1057 797 1171 838 Inter
1235 797 1340 847 haec,
1390 813 1486 852 quae

152 855 472 907 nunciabantur,
523 858 646 913 lupus
688 857 811 898 etiam
860 857 1009 898 Romae
1061 855 1240 897 interdiu
1292 857 1487 911 agitatus,

151 929 282 969 quum
298 915 460 956 Collina
482 919 600 971 porta
617 916 810 967 intrasset,
841 929 913 971 per
936 914 1191 969 Esquilinam
1221 929 1372 970 magno
1388 930 1487 957 con-

150 973 399 1014 iecCtantium
442 976 624 1016 tumultu
667 975 802 1016 evafit.
865 975 1019 1015 Eorum
1062 973 1345 1030 prodigiorum
1367 973 1489 1017 causa

151 1031 338 1074 consules
361 1033 537 1089 majores
556 1033 707 1076 hostias
729 1034 1010 1082 immolarunt,
1042 1033 1081 1073 δι
1098 1032 1208 1073 diem
1226 1047 1356 1073 unum
1378 1033 1489 1074 eirca

149 1091 288 1132 omnia
308 1092 536 1146 pulvinaria
553 1092 792 1148 supplicatio
815 1091 907 1132 fuit.
970 1090 1192 1132 Sacrificiis
1220 1091 1295 1132 rite
1329 1091 1490 1147 perfec-

149 1149 216 1200 tis,
245 1150 476 1205 provincias
519 1151 647 1192 sortiti
684 1151 801 1193 sunt:
836 1151 1016 1193 Claudio
1058 1149 1189 1200 Istria,
1239 1150 1488 1205 Sempronio

148 1208 335 1250 Sardinia
376 1209 556 1251 obvenit.
617 1211 773 1265 Legem
815 1210 909 1250 dein
947 1210 998 1249 de
1040 1208 1158 1249 sociis
1195 1207 1244 1250 C.
1287 1208 1486 1250 Claudius
1506 1224 1617 1254 Laudo
1632 1223 1695 1254 ι..

148 1267 243 1307 tulit
259 1269 320 1323 (6)
353 1267 717 1319 senatusconsulto,
751 1273 791 1310 δι
834 1268 994 1309 edixit:
1037 1269 1102 1322 qui
1120 1268 1214 1322 fhcii
1247 1283 1291 1308 ac
1329 1270 1486 1308 nominis
1505 1271 1590 1301 ’iti‘-

148 1324 302 1375 Latini,
335 1325 403 1382 ipſs
437 1327 637 1382 mqjoresve
674 1330 897 1381 eorumka)
946 1325 1018 1366 M.
1044 1326 1218 1376 Claudio,
1260 1326 1308 1369 T.
1350 1326 1488 1382 ‚Quin-

149 1386 219 1424 &io
248 1385 465 1441 cergfiuribus,
495 1385 640 1442 pqstque
669 1401 725 1434 ea,
760 1385 868 1439 apud
886 1386 1003 1439 ficies
1035 1386 1193 1425 nominis
1225 1385 1365 1425 Latini
1395 1385 1490 1440 cerfi

149 1443 270 1500 ffnt,
303 1451 346 1482 ut
365 1458 485 1483 omnes
503 1445 541 1482 in
561 1444 677 1498 Jimm
698 1445 846 1498 quisque
866 1444 1060 1483 civitatem
1080 1452 1168 1483 ante
1189 1443 1383 1485 Kalendas
1404 1443 1488 1484 No-

149 1502 316 1541 vembres
337 1503 513 1543 redirent.
577 1502 762 1558 Quaestio
778 1505 856 1556 (8),
888 1500 960 1556 qui
1002 1501 1058 1541 ita
1094 1516 1178 1542 non
1198 1502 1401 1553 redissent,
1434 1502 1484 1544 L.

149 1559 366 1600 Mummio
414 1561 579 1616 praetori
607 1561 769 1601 decreta
792 1560 862 1601 est.
886 1561 935 1601 ad
957 1561 1090 1616 legem
1113 1563 1156 1602 &
1181 1561 1366 1603 edictum
1389 1575 1490 1602 con-

149 1617 244 1659 sulis
271 1618 664 1661 senatusconsultum
694 1619 902 1676 adjecitum
931 1619 1014 1659 est:
1045 1628 1103 1669 ut,
1139 1620 1314 1670 difflator,
1352 1621 1488 1673 consul,

147 1677 330 1728 interrex,
373 1680 506 1735 censbr,
534 1688 673 1732 praetor
692 1679 757 1733 qui
771 1680 832 1732 (9)
850 1693 948 1717 nunc
987 1678 1079 1734 fft,
1111 1678 1219 1732 apud
1235 1695 1358 1720 eorum
1379 1695 1488 1734 quem

148 1738 492 1789 manumitteretur,
524 1738 563 1776 in
600 1737 808 1777 libertatem
847 1737 1124 1785 vindicaretur,
1156 1746 1199 1776 ut
1204 1739 1487 1793 jusjurandum

146 1794 272 1848 daret,
305 1798 371 1851 qui
388 1812 471 1836 eum
506 1797 804 1848 manumitteret,
832 1796 1002 1835 civitatis
1034 1796 1219 1836 mutanda
1237 1797 1349 1853 causti
1372 1812 1488 1836 manu

1413 1871 1485 1895 non

148 2001 262 2032 ‘talibus
274 2003 373 2033 vellet.
423 2003 539 2043 Neque
557 2001 656 2039 enim,
679 2000 713 2033 nl
732 2001 838 2040 fallor,
861 2003 987 2035 locutio
1006 2003 1062 2036 ista
1075 2006 1284 2046 quinqueremes
1302 2016 1392 2034 naves
1406 2001 1484 2034 alibi

147 2047 237 2088 apud
259 2046 393 2078 Livium
419 2047 519 2078 obvia.
547 2047 612 2085 est;
638 2048 670 2078 &
695 2048 835 2079 consulis
862 2049 1004 2081 arbitrio
1028 2048 1216 2092 permissum
1234 2049 1326 2080 fuiffe
1340 2049 1484 2086 videtur,

147 2092 260 2123 utrum
273 2103 372 2124 naves
384 2092 455 2124 illas
472 2094 659 2131 deduceret,
682 2104 808 2131 necne,
799 2105 806 2112 ·
832 2105 962 2136 nempe,
973 2104 1073 2137 prout
1092 2094 1236 2125 rationes
1248 2094 1325 2126 belli
1344 2094 1485 2137 postula-

146 2145 233 2169 rent.
251 2139 303 2177 E.]
355 2140 409 2178 (3)
435 2138 645 2181 Intelligendi
677 2138 834 2171 videntur
867 2141 1006 2172 trecenti
1038 2141 1086 2172 illi
1117 2140 1254 2181 equites,
1276 2140 1334 2181 qui
1362 2138 1482 2182 legioni

146 2182 272 2225 semper
289 2183 366 2214 addi
384 2184 497 2215 solent.
521 2183 627 2226 διιρτῐι
642 2184 666 2215 l.
683 2195 739 2222 40.
754 2196 781 2215 c.
797 2186 851 2224 36.
868 2188 944 2218 bine
956 2190 1073 2229 legiones
1086 2188 1226 2217 Romane
1242 2188 1359 2227 cumsuo
1375 2199 1436 2227 equs
1427 2189 1484 2215 ita-

145 2234 186 2258 ta.
247 2229 305 2270 (4)
330 2228 472 2261 fortasse
501 2232 602 2260 Ιι.ειιηι
661 2231 760 2261 Certe
793 2234 870 2262 lacus
906 2234 1028 2264 Marti:
1061 2242 1129 2263 non
1153 2231 1232 2262 alibi
1265 2239 1482 2262 memoratur.

147 2274 201 2312 (5)
226 2276 261 2305 ld
279 2275 336 2312 est,
354 2286 493 2317 corpote
508 2276 637 2313 mutilo,
660 2286 727 2306 non
755 2275 899 2319 integro,
921 2277 974 2309 cui
1001 2278 1153 2318 quaedam
1168 2276 1313 2308 membra
1335 2275 1485 2317 corporis

149 2318 286 2351 humani
301 2321 447 2352 deerant.
493 2323 548 2364 (6)
573 2323 678 2364 Lege,
699 2324 767 2353 tulit
797 2337 832 2354 x
825 2305 1086 2364 ofinatrgscorgsulta
1133 2325 1163 2353 8
1168 2322 1290 2353 militer
1305 2336 1340 2353 ex
1355 2335 1392 2352 au
1377 2325 1482 2352 uctori-

146 2366 330 2406 tatcfinatis
346 2365 443 2398 infra.
472 2377 500 2400 c.
527 2378 578 2409 19.
593 2366 613 2397 l.
632 2376 686 2405 42.
703 2378 730 2399 c.
746 2377 799 2399 21.
848 2369 903 2408 (7)
928 2368 976 2400 Hi
999 2369 1148 2400 censores
1180 2368 1259 2399 faeti
1278 2375 1373 2399 erant
1395 2377 1483 2398 anno

144 2420 178 2441 u.
194 2421 222 2442 c.
239 2412 320 2450 563.
342 2411 440 2454 supra
463 2412 486 2443 l.
509 2423 609 2453 37.c.
629 2413 683 2452 58.
730 2413 842 2445 Simile
884 2414 1029 2445 edffium
1055 2414 1124 2446 vid.
1163 2413 1261 2455 supra
1287 2413 1310 2444 l.
1338 2422 1392 2454 39.
1411 2423 1483 2453 c.3.

145 2455 232 2487 Mox
242 2459 360 2499 postque
388 2471 433 2496 ea,
456 2468 518 2499 pro
544 2459 708 2501 &postem
732 2460 1009 2500 quemadmodum
1034 2460 1130 2500 postve
1153 2473 1198 2495 ea,
1221 2469 1283 2500 pro
1314 2466 1363 2489 aut
1374 2458 1484 2500 post-a,

145 2503 232 2542 apud
261 2501 331 2534 Cic.
345 2503 366 2534 l.
385 2515 414 2536 1.
431 2504 465 2534 in
491 2506 588 2534 Verr.
613 2515 642 2534 c.
662 2515 717 2541 4¹·
764 2505 820 2546 (8)
851 2505 983 2547 Supple,
1005 2507 1038 2535 de
1059 2509 1108 2535 iis.
1155 2506 1209 2544 (9)
1234 2506 1322 2546 Lege
1345 2508 1394 2546 qui
1419 2511 1481 2535 tunc

143 2547 218 2589 ‹ffi-t‚
240 2547 274 2579 id
291 2547 347 2586 est,
367 2559 408 2580 eo
435 2557 585 2591 tempore
611 2559 679 2590 quo
695 2559 907 2592 perageretur
922 2549 1139 2585 manumfflim
1167 2549 1242 2589 live,
1269 2550 1482 2592 quemadmo-

143 2593 223 2624 dum
242 2593 276 2624 in
293 2593 362 2636 lege
377 2594 531 2626 Plaetoria
547 2593 680 2632 dieitur,
694 2598 822 2638 quinum
835 2597 908 2638 effet.
933 2601 1032 2637 quique
1045 2597 1273 2638 posthaefuerit.
1322 2597 1407 2626 Mox
1425 2607 1482 2626 au-

143 2646 213 2669 tem
225 2638 375 2670 excidiffe
392 2639 525 2671 videtur
539 2644 602 2682 qui,
618 2648 694 2672 ante
720 2646 981 2677 manumitter:tur;
1011 2642 1043 2671 δε
1071 2640 1123 2672 hic
1141 2640 1201 2672 esse
1218 2641 1398 2672 verborum
1411 2642 1481 2672 sen-

142 2683 213 2714 sus:
250 2685 297 2716 Ut
320 2684 360 2723 is,
383 2686 440 2727 qui
461 2686 759 2724 manumitteretur,
781 2687 834 2718 vel
861 2686 894 2718 in
923 2687 1108 2718 libertatem
1133 2687 1368 2725 vindicaretur,
1393 2687 1481 2727 apud

146 2728 287 2771 aliquem
305 2731 556 2776 magistratuum
569 2732 745 2776 majorum,
768 2733 858 2766 daret
873 2733 1111 2776 jusjurandum,
1135 2743 1200 2766 non
1219 2744 1291 2766 eam
1304 2731 1365 2765 effe
1388 2743 1480 2763 men-

1414 2785 1479 2809 tem
