1794 3121
134 224 217 278 46η

187 348 468 399 describerent,
481 348 544 388 iii.
565 362 632 403 3¹·

241 409 348 465 juffu
369 409 574 449 Tolumnii
597 424 619 448 a
640 407 846 449 fidenati-

185 468 260 509 bus
283 466 498 516 interfecti,
519 466 567 505 ivr
601 481 665 521 ¹7·

652 221 1075 266 I‘NDEX.

904 346 1259 399 *Samniteffi
1307 348 1485 389 Romam
1528 336 1628 388 miffi

963 407 1011 445 de
1042 419 1158 460 pace,
1194 406 1273 448 viii,
1299 424 1332 450 1.
1368 407 1417 447 ad
1442 405 1628 449 Anniba-

965 465 1061 513 lem,
1083 463 1182 504 xxiii
1219 479 1285 518 42.
1583 471 1593 478 ”

248 524 680 581 Vejos‚&superbum
697 525 853 581 Vejen-
909 543 1017 556 --ω
1047 524 1270 564 Sardorum
1318 522 1515 574 Romam,
1556 519 1627 562 xli.

187 588 289 627 tium
312 583 561 637 responsum,
585 582 636 623 iv.
661 587 714 638 58

251 642 454 695 Delphos,
496 641 716 682 consulturi
757 656 849 682 ora-

197 702 354 749 culum,
387 714 425 740 v.
456 713 519 754 15.
553 699 734 756 Apollini
766 715 851 740 cra·

140 795 143 797 .
200 768 326 800 teram
365 771 527 814 auream
569 758 725 809 ferunt,
779 763 849 800 28.

146 843 151 847 -
200 817 278 858 vid.
304 816 356 859 ξε*
380 816 522 856 xxviii.
542 830 610 870 45.
630 818 677 855 ad
696 818 853 866 Gallos,

199 889 421 927 eorumque
450 887 544 913 cum
569 874 700 915 Gallis
730 876 855 916 collo-

202 933 363 989 quium,
385 947 421 972 v.
447 943 513 985 35.
540 935 607 984 36.

259 992 309 1031 ad
330 990 549 1039 Samnites,
583 989 649 1030 vii.
676 1002 742 1043 3¹·
776 988 856 1029 viii.

206 1062 273 1105 23.

263 1108 304 1148 in
357 1104 596 1158 Hispaniam
618 1136 619 1142 η
642 1105 691 1145 ad
735 1104 864 1145 Anni-

208 1167 357 1214 balem,
376 1178 456 1203 non
474 1164 762 1213 admittuntur,
782 1163 864 1205 xri.

209 1228 247 1266 6.
272 1240 314 1278 9.
350 1221 637 1277 Carthaginem
653 1220 771 1271 miffi,
801 1225 865 1263 18.

207 1284 255 1324 iis
291 1279 459 1336 superbe
491 1281 734 1334 respondent
766 1279 867 1320 Car-

209 1339 496 1395 thaginienses,
518 1339 610 1380 ibid.
639 1337 823 1378 ridentur
845 1353 867 1378 a

211 1398 364 1448 Gallis,
385 1412 437 1438 20

266 1458 310 1499 in
326 1456 433 1497 varia
448 1457 535 1495 loca
549 1453 666 1504 miffi,
682 1452 779 1493 xxii.
799 1464 865 1506 33.

267 1516 373 1556 male
400 1513 662 1566 excipiuntur
693 1511 741 1551 ab
764 1511 868 1552 Hie-

208 1587 381 1630 ronymo
398 1570 742 1627 Syracusanorum
757 1584 866 1625 rege,

150 1669 158 1679 γ.
210 1634 327 1675 xxiv.
350 1633 388 1672 6.

268 1690 471 1731 violantur
503 1701 525 1727 a
558 1684 870 1742 Carthaginien-

214 1752 465 1799 fibus,.xx><.
493 1756 560 1794 25.

270 1808 319 1848 ad
349 1805 632 1853 Ptolemaeum,
667 1800 795 1842 xxxi.
833 1811 871 1840 2.

217 1869 268 1909 ad
287 1862 550 1911 Masinissam,
581 1875 594 1903 1
614 1875 646 1899 ι.

272 1924 413 1963 decem
429 1922 478 1960 ad
495 1917 794 1960 constituendas
811 1927 874 1954 res

221 1980 410 2028 Graecite,
428 1976 568 2018 xxxiii.
585 1987 651 2024 24.
669 1987 690 2028 3
703 1988 737 2016 1.
754 1973 873 2020 Afiae,

218 2037 386 2083 xxxvii.
419 2046 488 2089 55.
521 2035 604 2074 vid.
631 2035 682 2076 &³
708 2033 787 2072 xlv,
809 2043 873 2084 17.

227 2099 278 2142 δ’
299 2097 355 2138 lii.
381 2107 446 2136 20-

277 2155 329 2196 ad
364 2149 614 2193 Antiochum
649 2151 686 2189 8<
719 2146 875 2202 Philip-

220 2228 340 2269 pum,
363 2208 499 2250 xxxiii.
526 2221 595 2262 35.
619 2221 687 2261 39.

165 2321 167 2324 Ι
279 2272 322 2312 in
361 2265 583 2316 Graeciam,
625 2264 764 2304 xxxix.
807 2272 876 2316 33.

220 2329 309 2372 xlii.
333 2339 400 2382 37.

281 2388 324 2428 in
343 2381 647 2430 Macedoniam,
665 2377 733 2418 xli.
753 2390 820 2431 27.

305 2440 520 2496 Saguntini
561 2437 707 2495 gratias
754 2444 881 2490 agunt

228 2500 407 2549 senatui,
425 2497 566 2538 xxviii.
587 2511 654 2551 39.
672 2495 883 2535 adducunt

226 2560 420 2613 quosdam
427 2551 775 2610 Carthaginienses
787 2563 882 2592 cum

227 2616 416 2670 pecunia,
450 2613 519 2667 qni
550 2616 598 2652 ad
620 2610 884 2653 conducenda

172 2717 176 2723 ,
228 2674 379 2716 auxilia
417 2671 459 2710 in
496 2670 734 2724 Hispaniam
764 2668 885 2724 traje-

231 2742 387 2781 serant,
408 2741 518 2768 xxx.
544 2741 612 2775 ΖΙ.

974 592 1022 622 10
1064 592 1130 620 12.

1051 637 1265 693 Syphacis,
1283 639 1421 680 donati
1447 637 1495 678 ab
1512 636 1628 677 sena-

969 709 1013 740 tu
1048 697 1258 750 Romano,
1286 698 1408 739 xxvii.
1448 710 1487 751 4·
1527 707 1624 735 XXX-

973 769 1039 809 17.

917 840 1008 848 -—
1042 813 1295 870 Syracusani,
1328 815 1427 855 xxii.
1462 827 1530 868 37.
1579 811 1630 852 ad

973 870 1237 924 Marcellum,
1256 886 1360 915 xxv.
1389 887 1452 928 29.

1056 930 1269 972 Tarentini
1290 934 1339 973 ad
1367 928 1630 977 Annibalem,

982 999 1106 1029 xxiv.
1136 1001 1200 1041 13.

1072 1046 1394 1101 Tarquiniorum
1428 1045 1636 1094 exsulum,

982 1107 1026 1147 ii.
1056 1113 1092 1157 3.
1119 1119 1159 1155 4.

932 1188 1026 1195 ---
1059 1162 1287 1210 Thracum,
1321 1171 1503 1216 petentes
1539 1161 1639 1200 ami-

983 1218 1119 1260 citiam
1154 1224 1189 1261 &
1229 1220 1460 1260 societatem
1487 1221 1639 1261 Roma-

984 1291 1151 1329 norum,
1170 1279 1255 1319 xlii.
1286 1293 1349 1333 19.

1063 1336 1271 1378 Verminae
1303 1338 1498 1389 Romam,
1528 1333 1638 1374 xxxi.

989 1407 1053 1434 11.

924 1452 1067 1507 Legati
1109 1453 1149 1493 in
1200 1454 1382 1493 senatum
1418 1449 1642 1492 introduaesti

983 1525 1054 1564 per
1072 1512 1272 1563 consules,
1299 1507 1437 1552 xxxii.
1457 1515 1480 1554 8

926 1568 1174 1633 Legatijure
1187 1572 1369 1625 gentium
1387 1565 1643 1617 sacrosanffi,

985 1640 1025 1666 ιι.
1050 1641 1089 1677 4.

1077 1684 1170 1725 licet
1205 1686 1438 1725 viderentur
1472 1684 1644 1726 commi·
1686 1710 1691 1713 -

985 1743 1081 1792 fisse,
1112 1753 1155 1783 ut
1186 1743 1361 1783 hostium
1385 1744 1478 1783 loco
1500 1743 1640 1792 effent,

988 1800 1026 1840 in
1051 1800 1096 1842 iis
1117 1812 1253 1842 tamen
1280 1801 1347 1858 jus
1369 1801 1553 1856 gentium
1575 1815 1643 1840 va-

987 1858 1061 1908 let,
1088 1859 1125 1899 ii.
1146 1871 1183 1908 4.

1086 1916 1340 1972 contemptui
1386 1916 1532 1965 habiti,
1583 1913 1642 1964 iiiss

993 1985 1065 2027 25.

1073 2032 1293 2083 interfecti,
1315 2032 1370 2074 iv.
1400 2044 1462 2086 17.
1488 2044 1554 2087 32.

1071 2102 1212 2132 contra
1236 2093 1303 2147 jus
1330 2091 1515 2146 gentium
1536 2101 1646 2130 arma

993 2150 1177 2204 capiunt,
1201 2164 1237 2190 v.
1258 2150 1325 2203 36.

934 2233 1054 2247 .-..--
1075 2209 1176 2249 male
1210 2205 1373 2259 excepti
1403 2218 1425 2245 a
1458 2203 1651 2248 Samniti-

935 2301 938 2303 .
988 2269 1083 2317 bus,
1104 2265 1175 2306 vii.
1197 2278 1262 2317 31.
1282 2264 1362 2304 viii.
1388 2276 1456 2316 23.

948 2351 1061 2364 ..ψ-ψ
1078 2324 1280 2364 violantur
1296 2339 1317 2363 a
1336 2321 1487 2372 Gallis,
1513 2321 1584 2363 xii.
1613 2334 1650 2362 ι.

944 2409 1045 2421 ...-
1069 2382 1099 2423 fi
1137 2392 1302 2435 repente
1337 2381 1472 2433 aliquo
1507 2381 1642 2421 mitte-

997 2451 1151 2487 rentur,
1196 2440 1346 2494 fingula
1381 2452 1453 2492 per
1488 2429 1652 2492 oppic'la‚

997 2513 1078 2553 qua
1094 2497 1327 2538 faciendum
1346 2496 1438 2547 iter,
1466 2497 1654 2553 jumenta

999 2557 1218 2610 imperant,
1241 2554 1329 2595 xlii.
1357 2569 1391 2596 1.

950 2614 1106 2668 Legatis
1122 2613 1230 2653 caefis
1251 2610 1469 2667 publicein
1494 2605 1652 2651 Rostris

999 2673 1139 2712 statuae
1161 2671 1312 2723 positae,
1345 2670 1398 2718 iv.⁴
1426 2679 1491 2719 17.

943 2749 1059 2762 ——-
1074 2742 1241 2769 munera
1259 2728 1369 2776 data,
1392 2726 1450 2766 ix.
1468 2733 1538 2777 43.
1615 2777 1640 2787 ..

1529 2791 1656 2821 xxvix.
