1830 3131
143 273 229 326 276

713 270 750 311 Ε
773 271 806 311 Ρ
834 271 850 310 1
875 270 914 310 Τ
940 270 979 310 O
1004 269 1051 310 M
1080 273 1112 313 h:
1175 272 1258 312 Lm
1309 284 1376 327 72.

367 388 416 432 P.
452 386 652 438 Rutilius,
682 387 743 427 vir
782 387 949 427 summae
990 385 1248 436 innocentiae,
1293 386 1488 442 quoniam
1529 386 1686 442 legatus

370 447 578 506 QMucii
615 445 867 501 proconsulis
891 461 911 485 a
944 445 1254 499 publicanorum
1275 445 1434 503 injuriis
1456 446 1594 487 Afiam
1617 444 1689 483 de-

371 506 573 555 fenderat,
602 505 752 545 invisus
788 504 965 559 equestri
1002 503 1152 552 ordini,
1199 519 1322 559 penes
1370 519 1493 560 quem
1532 501 1688 560 judicia

370 576 501 614 erant,
532 565 851 618 repetundarum
888 564 1119 611 damnatus,
1152 562 1195 602 in
1227 564 1410 605 exsilium
1447 564 1585 605 miffus
1614 559 1687 600 est·

370 624 420 665 C.
455 623 621 666 Sentius
651 632 800 677 praetor
834 632 974 662 contra
1014 621 1196 662 Thracas
1235 622 1452 664 infeliciter
1473 619 1686 678 pugnavit.

368 682 560 733 Senatus,
591 695 721 735 quum
758 680 1040 735 impotentiam
1063 680 1258 735 equestris
1291 681 1444 723 ordinis
1464 683 1506 722 in
1523 677 1691 739 judiciis

370 740 607 782 exercendis
643 739 749 780 ferre
795 741 937 789 nollet,
980 740 1093 779 omni
1127 739 1165 779 vi
1195 740 1270 779 niti
1307 740 1450 796 coepit,
1481 751 1527 781 ut
1559 741 1608 780 ad
1649 735 1689 776 se

366 800 522 856 judicia
541 798 872 848 transferrentur,
908 798 1126 839 sustinente
1167 797 1329 839 causam
1371 800 1459 855 ejus
1488 800 1552 840 Μ.
1575 797 1692 839 Livio

370 858 509 900 Druso
531 856 695 898 tribuno
716 857 872 912 plebis:
902 857 971 911 qui
1013 867 1058 897 ut
1090 856 1193 897 vires
1223 857 1293 898 sibi
1327 857 1572 911 acquireret,
1606 869 1698 912 per-

372 917 520 957 niciosfi
545 916 610 970 spe
628 916 890 970 largitionum
911 915 1072 970 plebem
1091 915 1324 958 concitavit.
1385 917 1588 959 Praeterea
1604 928 1694 958 mo·

371 986 438 1017 tus
457 975 584 1032 Syriae
611 989 754 1030 regum
786 973 983 1018 continet.

809 1141 1031 1183 LIBRI
1098 1140 1261 1181 LXXI.

375 1234 493 1311 M.
518 1260 658 1302 Livius
680 1259 855 1308 Drusus,
886 1257 1074 1298 tribunus
1102 1254 1248 1311 plebis,
1287 1265 1332 1296 ut
1372 1255 1597 1312 majoribus
1628 1255 1692 1296 vi-

374 1323 484 1363 ribus
505 1319 666 1361 senatus
685 1318 845 1360 causam
860 1315 1083 1370 susceptam
1100 1325 1299 1364 tueretur,
1320 1313 1449 1356 socios
1472 1318 1512 1357 &
1536 1314 1699 1356 Italicos

375 1382 548 1436 populos
576 1379 642 1433 spe
680 1377 855 1418 civitatis
893 1375 1094 1415 Romanae
1131 1372 1386 1414 sollicitavit:
1417 1373 1544 1429 iisque
1580 1373 1699 1430 adJu-

377 1438 579 1486 vantibus,
611 1450 684 1491 per
708 1437 789 1476 vim
823 1433 980 1489 legibus
1014 1432 1180 1488 agrariis
1214 1431 1570 1488 frumentariisque
1592 1431 1700 1482 latis,

371 1496 631 1556 judiciariam
654 1507 818 1549 quoque
840 1493 1032 1547 pertulit;
1065 1500 1107 1530 ut
1136 1494 1240 1545 aequa‘
1271 1500 1382 1545 parte
1402 1492 1555 1547 judicia
1587 1502 1701 1546 penes

365 1558 541 1614 finntum
568 1555 620 1596 ΕΘ*
639 1552 834 1609 equgstrem
867 1551 1029 1590 ordinem
1063 1549 1185 1606 cffiwt.
1249 1550 1394 1606 Quum
1433 1551 1583 1592 deinde
1605 1564 1702 1606 pro-

377 1616 488 1656 miffa
510 1612 626 1654 sociis
648 1612 788 1652 civitas
814 1607 994 1664 praestari
1037 1621 1119 1648 non
1151 1607 1293 1662 poffet,
1333 1609 1425 1649 irati
1459 1609 1589 1650 Italici
1630 1610 1702 1649 de·-

376 1674 603 1716 sectionem
640 1671 792 1726 agitare
827 1675 1056 1723 coeperunt.
1118 1665 1272 1707 Eorum
1315 1669 1466 1719 coitus,
1510 1669 1700 1723 conjura-

375 1731 604 1785 tionesque,
637 1732 676 1771 &
710 1730 911 1769 orationes
929 1726 970 1766 in
992 1725 1172 1766 conciliis
1195 1725 1429 1780 principum
1450 1725 1699 1766 referuntur.

375 1801 543 1849 propter
562 1802 654 1843 quae
678 1787 822 1831 Livius
857 1784 1032 1833 Drusus,
1064 1783 1212 1824 invisus
1233 1783 1357 1824 etiam
1374 1783 1529 1825 senatui
1549 1784 1703 1834 faetus,

377 1853 491 1892 velut
517 1846 676 1890 socialis
702 1845 797 1887 belli
819 1842 981 1896 ειυᾶοτ,
1010 1842 1211 1884 incertum
1239 1857 1261 1883 a
1287 1857 1386 1898 quo,
1417 1843 1529 1884 domi
1544 1843 1704 1885 occisus

380 1910 451 1952 est.

809 2029 878 2071 LI
897 2028 933 2070 B
953 2029 993 2070 R
1017 2028 1038 2069 Ι
1092 2028 1265 2070 LXXII
1272 2060 1282 2071 .

385 2121 625 2202 ITALlcl
647 2147 789 2205 populi
811 2145 1068 2199 defecerunt,
1126 2144 1331 2197 Picentes,
1361 2145 1541 2200 Vestini,
1565 2147 1708 2198 Marfi,

385 2210 562 2264 Peligni,
595 2206 840 2254 Marrucini,
871 2205 1092 2257 Samnites,
1122 2204 1297 2256 Lucani,
1328 2205 1444 2246 initio
1465 2205 1560 2247 belli
1591 2221 1614 2247 a
1641 2207 1711 2248 Pi-

389 2269 577 2312 centibus
596 2278 718 2307 moto.
781 2265 853 2321 Q
869 2263 1064 2304 Servilius
1081 2263 1298 2318 proconsul
1315 2264 1356 2304 in
1369 2264 1522 2319 oppido
1555 2264 1710 2306 Asculo

389 2343 487 2371 curn
521 2325 712 2368 omnibus
746 2323 901 2365 civibus
934 2322 1148 2371 Romanis,
1180 2322 1253 2378 qui
1275 2323 1317 2363 in
1337 2336 1387 2364 eo
1407 2323 1558 2379 oppido
1579 2333 1711 2375 erant,

390 2386 548 2428 occisus
570 2384 640 2425 est.
665 2385 755 2440 saga
777 2383 954 2436 populus
986 2380 1164 2434 sumpsit.
1223 2380 1311 2422 Ser.
1337 2380 1488 2435 Galba,
1518 2397 1541 2423 a
1576 2381 1713 2424 Luca-

390 2446 456 2488 nis
478 2441 813 2499 comprehensus,
845 2439 964 2479 unius
1004 2437 1168 2480 feminae
1186 2440 1322 2495 opera,
1353 2441 1404 2480 ad
1425 2455 1547 2495 quam
1569 2442 1712 2482 dever-

391 2505 568 2552 tebatur,
599 2501 832 2557 captivitate
854 2506 1068 2551 exemptus
1094 2497 1164 2538 est.
1226 2498 1414 2540 AEsernia
1446 2501 1486 2542 δι
1513 2499 1621 2541 Alba
1642 2512 1713 2540 co-

391 2563 515 2608 loni-ae
561 2560 610 2601 ab
654 2559 805 2600 Italicis
845 2555 1004 2596 obseffae
1044 2555 1149 2597 sunt.
1215 2557 1383 2599 Auxilia
1406 2557 1552 2598 deinde
1573 2555 1713 2598 Latini

393 2619 573 2660 nominis
596 2628 941 2669 externarumque
964 2614 1150 2670 gentium
1185 2615 1296 2656 missa
1327 2616 1480 2671 populo
1501 2614 1712 2667 Romano,

397 2680 439 2718 ἃ
471 2677 750 2731 expeditiones
786 2676 829 2719 in
859 2673 994 2716 vicem
1022 2675 1423 2733 expugnationesque
1458 2671 1624 2715 urbium
1649 2687 1715 2715 re·-

392 2734 597 2779 feruntur.
1326 2761 1333 2767 .-

1503 2825 1714 2873 LIBRI
