1794 3121
666 189 1123 233 INDEX.

168 328 362 375 tempore
388 319 517 361 abeffe
558 317 608 360 ab
631 319 731 362 urbe
754 319 845 361 Ro-

178 393 246 420 ma
264 391 398 431 vetiti,
424 380 568 422 xxxvi.
593 391 632 434 3.

248 439 387 480 edicto
426 443 614 495 praetoris
654 454 710 481 ex
756 449 842 481 tota

173 497 292 539 Italia
307 500 488 542 Romam
506 510 722 552 vocamur,
739 499 841 542 xliii.

180 571 195 598 1
207 571 248 609 3..

116 617 338 659 Senatores
361 618 597 675 quibusque
623 619 666 660 in
696 617 841 659 senatu

171 677 420 719 {enteutiam
437 680 572 721 dicere
588 678 700 728 licet,
720 678 843 720 xxiii.

176 750 248 794 32.
274 738 426 779 xxxvi.
449 754 491 795 3.

121 796 298 839 Senatus
334 798 407 838 nisi
445 798 593 840 audior
616 797 750 849 fieret,
778 813 844 839 ra-

173 867 263 898 tum
280 857 358 898 effe
376 872 460 900 non
481 868 640 913 poterat
656 857 712 908 id,
730 860 842 913 quod

169 912 547 984 «populusjuss'erat,
565 917 593 958 i.
624 930 688 971 17.
707 918 843 971 postea

180 993 225 1018 m
281 977 490 1018 incertum
573 977 840 1020 comitiorum

167 1048 370 1078 eventum
406 1037 555 1079 audi-or
584 1037 678 1079 fieri
699 1041 845 1094 coepit,

173 1097 266 1138 ibid.

118 1160 297 1202 Senatus
323 1170 518 1210 quaenam
537 1167 672 1213 partes
691 1157 848 1199 fuerint

174 1217 215 1257 in
256 1215 422 1272 regibus
465 1219 665 1267 creandis,
699 1218 779 1258 vicl.
817 1219 830 1258 i

179 1290 246 1331 17.
273 1279 310 1319 ὅς
342 1280 407 1321 18.
431 1287 504 1318 22.
531 1289 598 1332 32.
624 1292 697 1329 4¹·

112 1337 293 1379 Senatus
349 1351 372 1377 a
420 1336 585 1392 regibus
626 1339 677 1378 de
708 1339 848 1380 omni-

172 1396 249 1439 bus
305 1395 483 1453 negotiis
520 1396 768 1453 consultus,
818 1400 843 1442 i.

177 1470 247 1512 49·

110 1541 230 1554 ...-
251 1516 301 1556 de
317 1514 425 1557 bello
440 1513 662 1556 indicendo
679 1517 844 1560 consul-

171 1587 256 1627 tus,
272 1575 305 1616 i.
325 1588 349 1631 3
356 1590 397 1632 3.

245 1634 450 1684 decernit,
475 1644 518 1675 ut
549 1635 599 1676 ad
640 1637 843 1692 populu-m

170 1695 330 1737 feratur
372 1695 423 1736 de
462 1696 570 1734 bello
604 1694 842 1749 indicendo,

167 1757 225 1798 iv.
246 1758 315 1812 58.
340 1755 463 1795 xxxi.
487 1768 528 1811 5.
565 1755 648 1795 vicl.
691 1759 726 1797 8<
757 1758 841 1798 xlv.

175 1831 243 1859 21.

255 1873 488 1930 provincias
508 1872 744 1917 consulibus
775 1877 845 1917 de-

173 1934 321 1985 cernit,
343 1948 387 1974 x.
413 1946 481 1985 24.
500 1933 644 1975 xxviii.
666 1940 734 1991 38.
773 1952 843 1989 40.

179 1993 338 2050 &few
498 2053 507 2060 ,

115 2077 234 2088 -——
245 2053 295 2094 de
310 2065 410 2108 pace
428 2051 616 2094 sumenda
635 2055 846 2097 consultus

174 2114 228 2155 vi.
248 2119 318 2157 26.
342 2125 463 2151 xxx.
488 2127 557 2168 32.
583 2125 654 2170 43.
691 2116 844 2157 xxxiii.

179 2188 248 2226 24.
268 2171 440 2213 xxxvii.
461 2185 529 2228 55.
550 2174 729 2216 xxxviii.
759 2188 821 2216 ιο.

117 2259 232 2269 ---
253 2231 439 2274 decernit
472 2232 751 2289 triumphum,
785 2234 843 2276 iii.

178 2300 250 2338 26.
287 2292 431 2334 xxviii.
454 2307 493 2345 9.
519 2304 657 2349 negat,
681 2307 726 2334 x.
767 2299 837 2350 36.

175 2352 367 2410 37.xxvi.
397 2366 467 2395 21.
491 2352 571 2393 fine
589 2353 839 2397 auctoritate

175 2415 339 2456 senatus
354 2411 673 2468 triumphatum,
690 2412 745 2455 iii.
770 2416 842 2470 63.

182 2491 223 2517 x.
243 2486 314 2529 37.

118 2560 232 2567 -—-—
249 2532 448 2588 quaedam
478 2533 644 2589 negotia
676 2547 700 2574 a
731 2532 769 2575 se
792 2535 843 2576 ad

175 2594 379 2650 populum
416 2593 569 2650 rejicit,
599 2591 638 2634 ii.
679 2604 751 2648 27.
774 2594 844 2636 vii.

130 2678 135 2683 ·
182 2667 247 2696 20.
268 2665 404 2695 xxvn.
423 2655 464 2694 8.

249 2711 395 2772 legatis
410 2712 659 2770 populorum
678 2726 842 2769 regum-

1557 193 1632 246 581

963 329 1048 371 que
1071 316 1140 356 dat
1163 315 1369 372 responsa,
1387 318 1441 359 vi.
1467 319 1539 361 26.
1565 317 1634 361 vii.

969 390 1038 418 20.
1061 388 1172 418 xxx.
1203 389 1270 432 17.

1035 435 1164 478 mittit
1178 437 1349 492 legatos,
1365 435 1407 476 ii..
1435 445 1505 488 15.
1531 449 1631 478 xxx,

963 496 1033 537 26.
1059 495 1151 537 xl‘ri.
1182 509 1245 551 19.
1265 498 1303 537 &
1327 495 1577 552 alibipqfflm.

909 555 1092 597 Senatus
1146 555 1365 599 Romanus
1421 568 1633 612 tamquam

964 629 1111 672 regum
1134 614 1430 682 ccnsefl'us‚i2t.
1454 631 1520 671 17.

908 679 1085 718 Senatus
1109 675 1316 731 princepS,
1363 676 1502 717 xxvix.
1549 690 1613 719 11.

911 741 1090 802 Seu-atus
1127 734 1298 777 habitus
1333 735 1376 776 in
1412 735 1636 792 Capitolio,

962 795 1020 836 iii.
1070 809 1136 838 21.
1180 794 1262 837 viii.
1325 808 1364 851 ς.
1400 796 1513 837 xxiv.
1567 811 1634 840 ιο.

961 857 1083 898 xxvi.
1123 870 1158 898 1.
1185 855 1336 898 xxviii.
1375 860 1447 912 38,
1479 858 1629 902 xxxii,

964 921 1002 959 3.

1040 974 1081 1015 in
1105 976 1193 1016 aede
1216 975 1417 1028 Belionae,
1435 988 1538 1017 xxx.
1563 988 1636 1022 21.

968 1035 1093 1075 xxxi.
1116 1049 1187 1090 47.
1213 1036 1287 1077 xli.
1318 1050 1382 1078 10.

910 1121 1018 1127 ——-—
1040 1095 1082 1136 in
1117 1097 1205 1138 aede
1236 1095 1456 1152 Apollinis,
1486 1097 1636 1139 xxxiv.

968 1166 1040 1211 43.
1061 1156 1221 1197 xxxix.
1245 1173 1288 1206 4.
1309 1157 1391 1197 xlii.
1418 1170 1485 1199 21.

910 1215 1088 1257 Senatus
1111 1216 1352 1270 aufiotitas‚
1376 1217 1414 1257 id
1437 1215 1638 1273 est,judi-

968 1275 1081 1316 cium
1124 1275 1303 1327 senatus,
1356 1278 1422 1318 cui
1445 1277 1631 1334 legitima

967 1335 1305 1379 senatusconsulti
1346 1334 1482 1378 forma
1516 1351 1637 1380 acce-

966 1397 1062 1436 dere
1085 1409 1168 1438 non
1186 1395 1339 1452 potuit,
1361 1396 1417 1437 iv,
1447 1407 1514 1452 57.

910 1454 1322 1498 Senatusconsultum
1372 1455 1550 1506 snitum,
1590 1465 1636 1497 ut

962 1529 1114 1557 omncs
1139 1517 1177 1558 Χ
1180 1514 1435 1557 olseiurbem
1454 1516 1638 1557 excede-

962 1586 1070 1626 rent,
1093 1575 1134 1616 ii.
1159 1589 1230 1632 37

1042 1648 1087 1675 ut
1105 1634 1297 1691 pontifex
1319 1634 1532 1677 maximus
1561 1637 1634 1677 tri-

964 1693 1099 1737 bunos
1160 1694 1291 1751 plebis
1349 1708 1519 1746 crearet,
1574 1695 1632 1737 iii.

965 1768 1035 1810 5⁴·

1059 1824 1104 1855 ut
1147 1813 1368 1856 decemviri
1391 1813 1632 1871 magistratu

964 1871 1003 1914 se
1021 1873 1230 1926 abdicent,
1248 1874 1303 1916 iii.
1324 1887 1394 1930 54.

911 1933 1329 1977 senatusconsultum
1367 1934 1542 1976 relatum
1590 1935 1633 1976 in

968 1993 1143 2045 tabulas,
1168 1993 1224 2034 iv.
1254 2009 1318 2038 ιι.

1041 2063 1088 2094 ut
1110 2053 1338 2095 consularia
1356 2053 1525 2096 comitia
1554 2054 1631 2096 ha-

965 2112 1175 2164 berentur,
1197 2114 1250 2156 iv.
1271 2127 1339 2170 25.
1360 2115 1432 2170 36.

903 2200 1019 2210 -.-
1040 2184 1085 2214 ut
1107 2173 1192 2214 duo
1227 2188 1282 2216 ex
1318 2173 1494 2215 tribunis
1532 2188 1632 2215 con-

964 2232 1165 2275 sularibus
1187 2235 1236 2275 ad
1258 2234 1414 2275 bellum
1445 2232 1631 2289 proficis-

957 2302 1170 2344 cerentur,
1223 2307 1330 2336 unus
1363 2306 1428 2334 res
1478 2294 1629 2337 Romae

948 2362 1140 2404 curaret,
1155 2364 1224 2408 45.

902 2439 1017 2447 ——-
1034 2412 1085 2453 de
1118 2413 1231 2453 caede
1267 2411 1487 2466 Postumii,
1511 2427 1571 2470 51.

904 2496 1018 2505 -—
1034 2472 1085 2513 de
1108 2471 1299 2514 creandis
1337 2471 1516 2515 tribunis
1550 2473 1630 2516 mi·

960 2532 1099 2583 litum,
1126 2543 1146 2585 5
1156 2542 1194 2583 5.

903 2617 1018 2625 ——-
1039 2600 1085 2632 ut
1106 2589 1261 2633 tribuni
1280 2590 1480 2635 militares
1511 2592 1630 2649 pedi-

941 2649 1078 2692 -tibus'
1129 2649 1422 2708 equitibusque
1472 2652 1629 2711 gratias

965 2716 1153 2767 agerent,
1172 2726 1211 2752 v.
1231 2725 1270 2768 7.

1445 2795 1562 2807 ·-——
1584 2778 1629 2813 ut
