1835 3121
402 252 650 296 LIBER
708 251 846 295 XLV.
912 250 1062 294 CAP.
1110 253 1163 294 X.
1588 263 1672 305 209

129 364 191 424 Q
209 364 321 412 AElio
351 372 580 412 mandatur.
641 369 701 411 Eo
723 369 788 410 die
812 371 855 411 ἃ
885 372 947 424 (4)
967 369 1160 409 invitatus
1173 367 1223 408 ad
1240 367 1447 408 consulem

128 423 311 478 Perseus,
333 432 372 471 ἃ
390 429 492 470 alius
512 429 646 470 omnis
662 428 700 469 ei
721 428 853 469 honos
878 427 1042 469 habitus
1062 427 1136 476 est,
1158 427 1229 481 qui
1246 424 1414 466 haberi
1407 441 1448 466 m

128 486 200 526 tali
221 487 382 527 fortuna
402 497 573 542 poterat.

186 545 260 585 IX.
290 546 507 587 Exercitus
537 545 684 586 deinde
722 544 763 584 in
798 543 967 585 hiberna
1000 542 1182 585 dimiffus
1212 542 1287 584 est.
1320 543 1451 583 maxi-

127 615 238 642 mam
264 614 421 657 partem
452 605 663 659 copiarum
693 602 972 658 Amphipolis,
1008 603 1186 656 reliquas
1207 601 1448 656 propinquae

129 661 248 702 urbes
270 674 514 716 acceperunt
591 662 673 703 Hic
706 661 796 702 finis
826 661 937 710 belli,
970 675 1100 715 quum
1130 660 1448 715 quadriennium
1468 653 1646 718 {²³3⁷f·,{f'f

126 720 370 762 continuum
387 720 581 761 bellatum
602 720 712 770 esset,
737 721 844 760 inter
864 720 1079 760 Romanos
1109 733 1157 760 ac
1178 718 1321 759 Persea
1341 717 1422 760 fuit
1438 735 1448 760 :
1467 709 1672 740 '‘⁰⁶“²²'“'''

128 774 318 831 idemque
343 777 435 819 finis
466 779 596 819 incliti
631 793 703 833 per
742 780 808 833 (1)
837 777 1014 833 Europae
1040 778 1283 833 plerumque
1325 788 1448 832 atque

127 836 264 876 Afiam
288 850 453 877 omnem
470 839 598 892 regni.
632 842 693 892 (2)
724 836 975 878 Vicesimum
1004 836 1054 877 ab
1075 835 1253 885 Carano,
1275 837 1345 890 qui
1366 837 1448 891 pri-

126 907 219 934 mus
256 897 454 950 regnavit.
487 895 629 936 Persea
658 895 943 936 numerabant.
990 893 1178 945 Perseus,
1211 894 1270 953 Q
1289 895 1452 944 Fulvio,

126 951 176 992 L.
213 953 391 994 Manlio
405 954 657 1004 consulibus,
676 967 852 1010 regnum
874 953 1059 1008 accepit:
1094 968 1118 993 a
1139 952 1280 993 senatu
1301 968 1375 994 rex
1391 956 1450 995 est

126 1012 407 1066 42ppellatus‚
454 1015 517 1055 M.
540 1012 682 1065 Junio,
709 1016 761 1053 A.
785 1012 946 1053 Manlio
967 1011 1228 1052 consulibus:
1264 1013 1451 1068 regnavit

128 1071 320 1110 undecim
356 1084 498 1112 annos.
566 1070 847 1113 Macedonum
876 1070 1047 1110 obscura
1079 1071 1303 1110 admodum
1339 1070 1452 1110 fama

126 1127 324 1182 usquead
347 1129 582 1184 Philippum
612 1131 809 1185 Amyntae
846 1127 978 1168 filium
1014 1127 1120 1169 fuit:
1161 1128 1255 1169 inde
1296 1143 1342 1169 ac
1378 1143 1452 1182 per

126 1200 224 1226 eum
238 1186 416 1228 crescere
431 1202 561 1242 quum
583 1188 765 1242 coepiffet
780 1190 862 1242 (3),
884 1187 1058 1241 Europae
1085 1186 1124 1227 se
1146 1198 1282 1227 tamen
1299 1186 1452 1228 finibus

126 1245 347 1296 continuit,
380 1246 587 1287 Graeciam
617 1259 784 1285 omnem
808 1250 846 1286 ἆ·
870 1257 1028 1299 partem
1048 1245 1238 1286 Thraciae
1262 1256 1384 1300 atque
1398 1247 1455 1285 11-

128 1303 246 1359 lyrici
267 1304 466 1357 amplexa.
504 1308 566 1358 (4)
589 1303 830 1358 Superfudit
866 1303 1013 1344 deinde
1048 1302 1088 1343 se
1123 1304 1164 1343 in
1208 1303 1374 1344 Anam:
1407 1307 1454 1345 ἅτ

127 1362 324 1403 tredecim
347 1363 478 1411 annis,
507 1361 655 1416 quibus
678 1363 910 1402 Alexander
930 1361 1129 1417 regnavit,
1157 1362 1338 1415 primum
1360 1376 1452 1402 om-

129 1420 213 1469 nia,
235 1420 316 1474 qua
344 1420 549 1461 rersarum
583 1417 709 1475 prope
729 1419 928 1460 immenso
949 1419 1077 1474 spatio
1109 1419 1329 1474 imperium
1358 1419 1452 1460 fuc-

126 1489 205 1524 rat.
240 1478 320 1519 suae
360 1479 526 1519 ditionis
562 1478 673 1519 fecit.
760 1478 911 1517 Arabas
942 1477 1039 1518 hinc
1074 1477 1332 1531 Indiamque,
1368 1479 1452 1532 qua

129 1548 331 1577 terrarum
353 1539 414 1592 (5)
446 1538 614 1577 ultimus
637 1535 730 1577 finis
760 1538 791 1583 Ἱῖ
812 1535 1006 1576 Rubrum
1035 1549 1146 1576 mare
1174 1537 1452 1591 ampleffltur,

127 1595 367 1650 peragravit.
404 1606 493 1635 turn
515 1595 743 1636 maximum
763 1594 806 1634 in
826 1594 944 1634 terris
968 1595 1253 1637 Macedonum
1273 1609 1452 1649 regnum

125 1667 385 1707 nomenque:
416 1653 510 1694 inde
551 1664 682 1693 morte
714 1653 939 1693 Alexandri
973 1652 1214 1693 distratum
1246 1653 1289 1693 in
1319 1655 1451 1694 multa

126 1725 268 1767 regna,
288 1712 387 1752 dum
410 1713 457 1752 ad
473 1711 511 1752 se
533 1711 704 1766 quisque
724 1725 822 1766 opes
843 1712 1022 1766 rapiunt,
1040 1712 1102 1765 (6)
1119 1713 1341 1753 lacerantes
1354 1713 1451 1752 viri-

125 1769 231 1811 bus:
262 1785 284 1810 a
305 1769 464 1810 summo
495 1771 676 1811 culmine
706 1769 884 1810 fortunae
916 1771 968 1811 ad
990 1770 1183 1810 ultimum
1205 1769 1331 1810 finem
1353 1785 1450 1812 cen-

128 1841 219 1869 tum
240 1830 535 1884 quinquaginta
556 1832 618 1884 (7)
640 1843 768 1870 annos
789 1828 910 1869 stetit.

184 1887 238 1928 X.
278 1887 474 1928 vietoriae
515 1888 718 1928 Romanae
758 1886 868 1927 fama
909 1901 1040 1940 quum
1079 1891 1103 1939 ξ
1141 1886 1364 1941 pervafiflet
1404 1887 1449 1928 in

132 1946 283 1993 Aliam,
322 1947 524 1997 Antenor,
558 1947 746 2001 quicum
780 1945 896 1986 classe
932 1947 1163 1986 lemborum
1198 1947 1250 1986 ad
1284 1945 1448 1988 Phanas

184 2004 307 2047 Tou.
340 2005 434 2045 Vll.
803 2005 834 2046 P
1320 2005 1449 2046 stabat

126 2122 294 2166 scriptoris
315 2123 496 2166 judicium;
520 2122 543 2155 fi
559 2123 691 2156 Paullus
714 2124 789 2155 vere
814 2122 939 2162 habuit,
963 2124 1104 2157 consulis
1126 2124 1239 2157 fidem.
1286 2126 1449 2155 Attamen

125 2174 196 2201 vite
211 2170 340 2201 tantum
357 2170 426 2210 spes
442 2169 651 2212 intelligenda
677 2170 818 2201 videtur.
864 2172 923 2210 (4)
950 2172 1091 2206 Invitam,
1108 2183 1169 2214 pro
1193 2172 1236 2202 ad
1264 2171 1376 2211 epulas
1398 2170 1448 2201 in·

127 2215 246 2253 vitare,
258 2215 355 2257 supra
373 2216 394 2246 l.
411 2227 436 2249 ι.
456 2225 550 2254 c.57.
564 2217 586 2247 1.
600 2226 628 2256 3.
645 2225 673 2246 c.
693 2226 744 2253 ¹4·
762 2215 782 2245 l.
803 2224 856 2255 23.
872 2226 902 2246 c.
916 2227 948 2252 4-
974 2217 1052 2247 Vid.
1069 2218 1088 2257 §
1104 2220 1253 2247 invitatio.

174 2263 211 2293 C.
231 2270 260 2301 9.
285 2262 342 2304 (ι)
368 2262 535 2303 Pleas-que
550 2263 674 2304 Europe
690 2260 883 2296 ὤᾶῠσιείὶ,
897 2269 934 2292 ut
948 2264 1062 2292 nediu
1083 2266 1188 2305 περὶ,
1209 2265 1341 2303 exigunt
1355 2262 1450 2303 spatii

130 2306 162 2337 ἃ
176 2305 298 2337 firnilia.
322 2307 399 2337 vid.
419 2308 432 2345 i
451 2310 566 2337 mltum
583 2310 648 2337 diei.
696 2306 852 2338 Similiter
870 2306 994 2338 Sallust.
1020 2309 1098 2350 Jug.
1117 2319 1143 2339 c.
1156 2317 1207 2339 21.
1226 2308 1273 2337 nbi
1282 2310 1450 2349 pler-mque

128 2356 217 2382 ισᾶέι
243 2353 383 2394 procfft.
430 2353 487 2393 (2)
511 2354 675 2384 Numerus
699 2351 786 2382 haud
810 2351 910 2383 dubie
941 2353 1122 2385 mendosus.
1149 2352 1291 2395 justinus
1313 2352 1457 2393 triginta

131 2397 338 2428 Micednniae
365 2407 456 2439 reges
483 2408 654 2429 numerat:
683 2397 841 2429 Eusebius
857 2396 892 2428 in
916 2398 1095 2435 Chronico,
1109 2408 1230 2429 novem
1249 2399 1282 2428 δι
1305 2397 1454 2439 triginta-

129 2442 187 2481 (3)
204 2441 286 2483 Hie,
305 2443 337 2472 δι
355 2442 397 2473 ad
422 2444 523 2474 verba
552 2443 607 2485 seq
609 2443 732 2477 nentia,
755 2455 870 2485 regrum
902 2445 1120 2474 Mammam
1144 2442 1454 2483 subintelligendum

129 2487 254 2519 censeo.
300 2486 376 2518 Hoc
397 2487 472 2518 ideo
505 2488 636 2525 monui,
658 2487 750 2529 quod
777 2487 933 2519 Dukerus
949 2489 1070 2529 aliique
1095 2488 1204 2519 locum
1229 2488 1316 2518 hunc
1330 2497 1454 2521 temere

130 2533 360 2565 sollicitarunt.
406 2533 464 2573 (4)
490 2532 633 2575 Supral.
653 2542 706 2573 39
721 2542 814 2574 049.
840 2534 987 2575 ἵει-(ητα.
1002 2534 1163 2576 1»stsefip
1166 2535 1239 2575 rffi
1253 2541 1305 2575 epp
1308 2535 1454 2577 ſtrqffmnt

131 2579 190 2617 (5)
205 2580 350 2610 Omnino
366 2578 466 2620 legen
469 2579 503 2610 'ct
493 2592 562 2610 mm
573 2579 661 2622 fina-
703 2578 760 2619 (ὀμ
793 2578 982 2609 Gronovius
1012 2577 1183 2609 malebat'
1169 2591 1215 2608 ,sa
1203 2583 1305 2609 teratu
1317 2581 1450 2615 «πτῶκα,-

131 2630 167 2654 ut
183 2623 270 2655 infra
287 2635 314 2655 c.
336 2624 540 2666 19.d.stme.²is
570 2638 603 2654 ω
599 2628 635 2653 ’n-
624 2624 699 2654 ibn.
755 2623 820 2654 Sed
839 2623 966 2666 praessat
984 2624 1090 2666 legere
1113 2635 1150 2655 ex
1168 2625 1351 2655 Burmanni
1369 2626 1454 2657 veri-

131 2668 292 2700 simillima
308 2669 498 2710 conjeetura
514 2671 671 2701 lacerantes
694 2671 814 2701 vicibus.
862 2671 912 2699 Va
917 2671 976 2700 iba
1000 2679 1063 2710 pro
1089 2680 1143 2711 per
1171 2670 1279 2700 vices·
1272 2694 1281 2707 ,
1306 2678 1340 2700 ut
1363 2671 1454 2712 apud

132 2716 209 2756 Juv’.
229 2717 294 2746 Sat.
314 2724 342 2752 7.
358 2725 392 2745 v.
410 2723 486 2755 239.
509 2716 567 2754 (7)
598 2714 731 2745 Initium
759 2714 954 2745 numerandi
985 2713 1108 2746 duxiffe
1134 2715 1266 2745 videtur
1298 2716 1409 2747 Livius
1434 2728 1454 2747 a

130 2760 420 2792 mortesuexandri
438 2761 570 2802 Magni,
585 2771 658 2804 qus
672 2759 705 2790 in
724 2769 851 2791 anuum
871 2761 1018 2801 primum
1043 2760 1307 2801 olymp-CXIV.
1326 2761 1450 2793 incidit.

134 2806 211 2838 Inde
222 2814 333 2838 autem
350 2805 451 2846 usque
462 2806 502 2837 ad
517 2805 615 2839 finem
632 2805 721 2846 regui
734 2804 944 2838 Macedonici
962 2806 1035 2837 sunt
1047 2806 1125 2837 anai
1144 2807 1170 2837 C
1175 2807 1201 2837 L
1210 2807 1262 2837 vl.
