1804 3121
235 220 478 263 LIBER
521 217 675 260 XLIII.
728 217 895 261 CAP.
944 218 1040 260 XII.
1086 219 1247 276 (XIV.)

84 337 240 388 rebant,
262 336 515 392 quantusque
539 336 660 377 timor
691 334 820 378 socios
851 334 992 390 populi
1026 333 1207 375 Romani
1230 334 1406 389 cepisset,

83 406 146 437 tot
167 396 332 439 urbibus
353 395 396 436 in
417 394 656 450 potestatem
679 393 785 450 regis
815 393 1005 435 redactis.
1066 393 1291 434 Exercitum
1326 409 1410 433 con-

73 455 173 511 sulis
192 455 458 512 irffrequentem
474 459 498 508 †
519 454 778 494 commeatibus
798 450 912 506 vulgo
933 451 1032 491 datis
1048 462 1118 505 per
1137 457 1163 505 †
1175 451 1411 492 ambitionem.

84 514 148 570 ff
161 532 174 554 :
205 513 348 567 culpam
363 514 443 564 ejus
463 513 520 552 rei
545 512 721 568 consulem
742 514 782 552 in
802 512 968 551 tribunos
985 510 1164 561 militum,
1180 510 1312 550 contra}
1329 511 1414 550 illos

88 575 128 614 in
148 571 323 627 consulem
344 587 406 610 con
427 587 526 611 erre.
589 571 853 625 Ignominiam,
884 569 1037 610 Claudii
1058 569 1267 609 temeritate
1288 578 1414 621 accep-

87 634 218 680 tam‚†
236 630 381 670 elevare
402 644 457 670 eos
479 633 542 685 (4)
565 629 706 670 Patres
731 636 964 683 acceperunt,
986 629 1052 682 qui
1065 638 1270 682 perpaucos
1290 627 1416 668 Italici

84 688 248 745 generis,
270 687 322 730 ἐφ’
338 689 480 743 magud
507 697 680 743 exparte
709 687 956 728 tumultuario
974 686 1113 726 delefflu
1130 687 1344 741 conscriptos
1366 685 1417 726 ibi

87 747 221 787 milites
233 747 373 804 amffls
387 747 612 804 referebant.
675 745 874 786 Consules
902 744 1112 799 designati,
1135 744 1205 786 ubi
1226 744 1410 798 primum
1425 734 1435 741 ⁹

88 804 368 859 magistratum
400 805 573 856 inissent,
615 805 666 846 de
698 802 948 845 Macedonia
977 803 1127 844 referre
1160 804 1210 844 ad
1234 803 1419 843 senatum

84 863 204 922 jussi:
237 863 526 918 destinataeque
542 863 763 919 provinciae
784 863 831 904 iis
855 862 947 903 sunt
964 862 1079 903 Italia
1093 863 1132 903 δι’
1154 861 1418 903 Macedonia.

91 922 186 964 Hoc
204 936 312 964 anno
326 923 611 964 intercalatum
631 921 689 963 est
709 938 718 964 ε
750 922 870 963 tertio
892 921 957 962 die
976 921 1064 976 post
1081 920 1333 961 Terminalia
1357 921 1371 974 (
1404 922 1420 976 )

89 981 286 1024 Kalendae
309 981 567 1023 intercalares
582 980 714 1022 fuere.
772 981 1014 1022 Sacerdotes
1031 980 1137 1020 intra
1154 993 1250 1020 eum
1264 992 1421 1019 annum

89 1040 260 1090 mortui,
282 1039 330 1081 L.
353 1040 606 1081 Flamininus
630 1041 691 1095 (6)
717 1042 738 1064 ³*
764 1041 786 1064 ¹⁸
809 1039 1026 1095 pontifices
1047 1039 1130 1079 duo
1154 1038 1422 1086 decefferunt,

89 1098 140 1140 L.
162 1099 311 1140 Furius
342 1099 483 1141 Philus
515 1100 554 1140 &
586 1098 636 1140 C.
660 1099 801 1140 Livius
834 1098 1051 1140 Salinator.
1075 1097 1116 1137 in
1149 1098 1287 1138 locum
1307 1095 1422 1138 Furii

90 1157 149 1256 {12
171 1157 379 1198 Manlium
393 1158 670 1213 Torquatum,
684 1158 727 1199 in
747 1157 852 1199 Livii
874 1157 939 1199 M.
962 1155 1180 1200 Servilium
1202 1153 1419 1211 pontifices

109 1227 294 1273 egerunt.

1552 234 1630 278 ¹²7

152 1274 249 1316 XII.
283 1275 445 1330 (XIV.)
484 1273 693 1330 Principio
731 1273 980 1328 insequentis
1014 1273 1111 1315 anni
1152 1287 1282 1327 quum
1324 1284 1423 1314 con·
1441 1266 1613 1306 υ·“ῑ·573·

95 1333 204 1375 sules
224 1333 319 1374 novi
337 1333 598 1391 QMarcius
622 1337 663 1375 δε
682 1332 761 1374 Cn.
783 1332 977 1374 Servilius
999 1333 1049 1374 de
1070 1331 1288 1387 provinciis
1314 1339 1423 1371 retu·

1443 1323 1471 1344 a.
1489 1314 1528 1344 C.
1557 1314 1633 1351 109.

1445 1360 1494 1403 Q
1505 1355 1638 1389 Marcio

95 1392 242 1442 liffent,
256 1391 388 1448 primo
409 1406 574 1447 quoque
595 1402 778 1446 tempore
796 1401 865 1432 aut
883 1397 908 1445 †
921 1404 1158 1445 comparare
1172 1404 1242 1430 eos
1262 1389 1368 1430 inter
1386 1388 1423 1429 se
1443 1405 1476 1437 ii.
1495 1403 1557 1436 Cn.
1579 1403 1650 1434 ser.

98 1450 256 1493 Italiam
277 1453 317 1493 δι
340 1450 645 1500 Macedoniam,
668 1459 738 1490 aut
759 1448 890 1489 sortiri
911 1449 1065 1504 placuit
1084 1464 1093 1490 :
1124 1447 1361 1503 priusquam
1383 1447 1424 1488 id
1445 1450 1524 1482 vilio
1541 1446 1630 1502 Coff·

97 1508 186 1552 sors
200 1518 383 1550 cerneret
405 1511 484 1564 (1),
514 1508 556 1567 in
586 1509 806 1556 incertum,
839 1521 890 1548 ne
929 1507 1029 1562 quid
1060 1507 1190 1564 gratia
1224 1506 1425 1548 momenti
1446 1499 1615 1530 E“‘⁷‘¹²²‘³'

101 1568 270 1618 faceret,
306 1567 349 1608 in
389 1577 606 1621 utramque
647 1566 918 1622 provinciam,
954 1567 1066 1621 quod
1098 1580 1161 1607 res
1184 1566 1429 1607 desideraret

100 1625 387 1682 supplementi,
409 1625 586 1667 decerni.
652 1627 699 1665 In
722 1624 1016 1666 Macedoniam
1047 1625 1234 1680 peditum
1271 1624 1430 1666 Roma-

101 1700 251 1727 norum
289 1685 359 1726 sex
389 1684 534 1737 millia,
565 1684 769 1726 sociorum
805 1683 984 1725 nominis
1014 1683 1152 1724 Latini
1174 1683 1245 1725 sex
1274 1684 1431 1725 millia:

101 1742 260 1800 equites
277 1744 490 1785 Romanos
512 1745 711 1785 ducentos
733 1742 1047 1799 quinquaginta,
1069 1741 1197 1785 socios
1213 1752 1432 1784 trecentos.

101 1804 277 1845 Veteres
316 1804 466 1844 milites
503 1802 673 1852 dimitti,
705 1802 760 1842 ita
784 1812 828 1843 ut
858 1802 901 1842 in
932 1799 1107 1858 singulas
1139 1802 1353 1842 Romanas
1375 1802 1433 1842 le-

103 1863 246 1921 giones
267 1876 318 1903 ne
339 1863 431 1918 plus
453 1861 546 1903 sena
566 1862 693 1904 millia
713 1860 914 1917 peditum,
939 1861 1090 1904 treceni
1116 1862 1271 1916 equites
1293 1860 1433 1902 effent.

1296 1918 1431 1961 Alteri

108 2039 216 2084 Supra
229 2039 363 2078 dicitur,
383 2042 427 2071 uti
450 2042 537 2083 mense
554 2040 707 2083 Januarz'o
730 2042 841 2072 comitia
856 2041 957 2072 haberi
967 2040 1073 2083 poffint
1084 2053 1094 2070 :
1122 2040 1155 2072 ὃς
1171 2040 1257 2071 infra
1281 2037 1379 2082 legati
1396 2049 1435 2071 ex

107 2085 313 2120 Macedonia
327 2091 425 2117 εκαὲῑο
435 2090 578 2118 admodum
589 2088 676 2128 mense
697 2086 855 2118 Februario
872 2086 997 2118 rediisse
1009 2095 1245 2118 memorantur.
1258 2085 1313 2126 (4)
1330 2086 1437 2116 Voces

109 2136 220 2166 Patres
232 2140 394 2175 acceperunt
411 2131 558 2164 delendae
574 2131 741 2164 videntur.
770 2131 837 2174 [vel
854 2133 938 2164 certe
956 2131 1021 2164 alio
1043 2133 1234 2164 charactere
1246 2131 1439 2174 imprimen-

107 2179 160 2210 dae
182 2179 283 2219 sunt]
329 2178 454 2210 Dicunt
477 2177 574 2220 legati
595 2188 747 2220 magnam
772 2176 834 2209 effe
862 2178 989 2210 cladem
1011 2189 1096 2216 eam,
1118 2189 1189 2219 quae
1210 2179 1278 2219 Ap.
1303 2176 1437 2209 Claudii

111 2224 297 2256 temeritate
321 2231 454 2266 accepta
470 2225 579 2255 fuerat
591 2236 600 2254 z
624 2223 754 2265 eosque,
777 2224 835 2265 qui
852 2224 1038 2256 referebant
1056 2234 1237 2266 perpaucos
1255 2221 1357 2255 Italici
1381 2231 1438 2265 ge-

112 2270 200 2303 neris
239 2269 272 2301 in
297 2269 334 2302 ez‘i
358 2269 496 2308 amiffos,
519 2269 621 2301 cladis
645 2268 858 2312 ignominiam
882 2278 998 2301 contra
1023 2271 1070 2301 rei
1095 2268 1269 2301 veritatem
1298 2268 1439 2300 elevare.

110 2316 170 2356 (5)
196 2316 385 2354 Terminalia,
407 2315 503 2347 festus
534 2316 602 2347 dies
627 2316 711 2357 dei†
734 2315 884 2347 Termini
920 2315 1174 2348 celebrabantur
1198 2313 1338 2356 septimo
1366 2314 1441 2345 Kal.

113 2361 268 2393 Martias.
292 2363 430 2393 Kalendae
446 2364 634 2394 intercalares
651 2362 726 2393 sunt
742 2361 897 2395 Kalendae
914 2361 1029 2394 mensis
1045 2364 1068 2403 ἦ
1085 2359 1297 2393 intercalarii.
1344 2361 1442 2392 Cete-

114 2406 190 2438 rum
205 2416 245 2437 ex
260 2418 349 2439 more
367 2407 504 2439 sollenni
529 2407 784 2439 intercalabatur
806 2407 962 2450 postridie
977 2406 1189 2439 Terminalia.
1237 2406 1316 2436 Ideo
1345 2412 1440 2436 notat

115 2453 179 2484 hoc
211 2452 284 2484 loeo
297 2452 424 2492 Livius,
447 2460 604 2493 tanquam
617 2452 818 2491 inufitatum,
841 2453 875 2484 in
899 2454 1033 2485 tertium
1047 2452 1117 2495 post
1134 2450 1339 2483 Terminalia
1354 2449 1443 2481 diem

115 2497 234 2529 dilatas
249 2498 457 2530 intercalares
472 2498 646 2530 Kalendas.
689 2501 703 2539 (
709 2498 746 2539 6)
761 2498 859 2530 Deest
875 2509 995 2550 n50men
1012 2497 1182 2530 sacerdotii
1200 2507 1267 2538 quo
1283 2495 1445 2538 praeditun

116 2550 187 2576 erat
222 2542 443 2582 Flamininus3
467 2554 595 2576 necnon
612 2554 733 2575 nomen
751 2544 830 2584 ejus,
846 2553 902 2584 qui
920 2543 954 2574 in
972 2542 1149 2575 Flaminini
1165 2542 1274 2574 locum
1287 2540 1443 2573 suffectus

119 2589 172 2620 est.
219 2591 326 2633 Supra
350 2589 374 2621 l.
400 2599 455 2629 25.
477 2600 505 2620 c.
533 2599 565 2624 2.
599 2590 638 2621 L.
666 2589 866 2621 Flamininus
899 2589 936 2621 fit
960 2601 1054 2632 augur
1086 2589 1120 2621 iu
1144 2589 1252 2620 locum
1289 2589 1325 2621 P.
1354 2586 1445 2620 Furii

118 2633 218 2667 Phili.
600 2666 602 2668 ,

146 2681 203 2722 bc.
223 2690 276 2714 12.
323 2680 381 2724 (1)
395 2682 569 2724 Tanquam
590 2680 700 2723 judex,
720 2679 926 2723 dijudicaret,
947 2687 1024 2713 utra
1047 2680 1116 2713 utri
1132 2676 1256 2712 consuli
1274 2677 1445 2722 provincia

115 2724 302 2774 vaeniret.
347 2728 435 2763 Mox
456 2731 486 2760 in
509 2730 656 2766 incertum,
678 2732 715 2761 ut
731 2727 827 2773 supra
843 2726 866 2759 1.
882 2737 916 2766 4.
932 2738 962 2762 c.
983 2737 1035 2768 13.
1062 2729 1117 2770 seu
1137 2728 1266 2769 restam,
1277 2728 1340 2770 seu,
1354 2727 1449 2770 quoad

1399 2784 1444 2801 re:
