1830 3131
564 265 599 307 Ε
624 265 761 307 PIT
786 263 828 307 O
851 263 963 307 ΜΕ
1028 263 1258 308 L1n.107.·

174 391 385 434 Trebonio
403 391 564 433 tribuno
589 393 716 446 plebis
765 394 866 450 legis
887 392 1072 443 merore,
1104 392 1146 433 in
1160 392 1322 434 vincula
1343 394 1494 436 duffius

174 451 245 492 est.
310 453 363 492 A.
388 452 591 493 Gabinius
620 453 835 507 proconsul
872 453 1135 494 Ptolemaeum
1159 452 1323 493 reduxit
1345 453 1386 492 in
1403 467 1494 509 reg—

177 524 278 549 num
311 510 500 566 AEgypfi,
531 512 664 567 ejecto
688 511 910 559 Archelao,
945 525 1067 566 quem
1101 510 1171 551 fibi
1205 525 1342 567 regern
1367 512 1494 552 adsci-

173 578 328 609 verant.
390 568 524 610 Caesar
584 570 704 611 viffis
745 570 967 611 Germanis
1015 571 1058 610 in
1100 569 1242 611 Gallia
1289 569 1495 624 caefisque,

176 627 373 668 Rhenum
415 629 679 680 transcendit,
719 630 758 669 &
793 629 1025 684 proximam
1066 641 1222 683 partem
1259 628 1498 669 Germania:

173 686 333 726 domuit
352 702 361 728 ε
394 702 439 728 ac
462 688 609 728 deinde
637 703 644 726 ι
663 696 804 729 *ceano
835 687 877 728 in
901 688 1172 738 Britanniam,
1192 685 1329 741 primo
1351 702 1497 742 parum

176 744 370 800 prospere
408 746 717 800 tempestatibus
741 747 927 796 adverfis,
961 746 1148 803 trajecit3
1180 746 1329 786 iterum
1350 760 1497 801 parum

171 802 360 846 felicius:
393 807 623 860 magnaque
649 805 911 846 multitudine
943 805 1123 846 hostium
1157 805 1278 857 caesfi,
1319 806 1496 860 aliquam

169 872 328 916 partem
350 864 490 906 insulae
508 865 549 904 in
571 864 816 920 potestatem
835 865 1006 920 redegit.

617 1029 757 1070 LIB
786 1029 865 1070 Rl
932 1029 1052 1069 CVI.

171 1115 382 1190 JULM
419 1145 589 1187 Caesari÷
619 1146 716 1198 filia,
753 1145 935 1201 Pompeii
968 1160 1087 1197 uxor,
1132 1144 1314 1187 decessit:
1346 1143 1497 1187 honos-

166 1217 246 1257 que
267 1208 339 1245 eia
361 1208 515 1259 populo
537 1205 699 1246 habitu÷
720 1205 795 1257 est,
833 1216 877 1246 ut
897 1209 937 1246 in
956 1220 1101 1260 campo
1126 1205 1283 1247 Μειτῑῑο
1303 1205 1490 1260 sepelire-

168 1271 248 1302 tur.
316 1264 535 1304 Gallorum
570 1265 723 1319 aliquot
751 1267 906 1319 populi,
939 1265 1177 1319 Ambiorige
1211 1265 1316 1305 duce
1338 1263 1502 1306 Eburo-

169 1334 285 1370 num,
320 1322 588 1363 defecerunt:
642 1338 662 1362 a
697 1323 845 1377 quibus
890 1325 1014 1364 Cotta
1050 1326 1085 1365 δι
1129 1323 1332 1367 Tituriw,
1378 1324 1501 1379 legati

169 1379 355 1432 Caesaris,
407 1381 677 1422 circumventi
718 1382 869 1424 infidiis
918 1397 1017 1423 cum
1062 1384 1259 1432 exercitu,
1292 1382 1358 1422 cui
1396 1395 1503 1435 prae-

168 1448 300 1488 erant,
334 1440 418 1481 caefi
462 1440 567 1481 sunt.
616 1443 654 1481 δε
695 1455 823 1495 quum
861 1442 1035 1482 aliarum
1085 1454 1254 1494 quoque
1291 1440 1503 1495 legionum

169 1497 297 1538 castra
319 1510 555 1555 oppugnata
593 1513 744 1554 magno
781 1499 919 1541 labore
952 1498 1119 1540 defensa
1139 1498 1280 1544 effent,
1313 1501 1502 1552 interque

167 1570 255 1610 eos,
293 1562 360 1612 qui
389 1561 427 1597 in
466 1557 626 1598 Nerviis
649 1569 838 1612 praeerat,
874 1559 928 1616 Q
963 1557 1126 1608 Cicero,
1161 1556 1317 1613 abipso
1340 1556 1501 1599 Caesare

167 1615 304 1657 hostes
340 1617 486 1671 proelio
524 1616 596 1656 fufi
642 1617 746 1657 sunt.
812 1618 876 1659 M.
917 1617 1094 1666 Craffus,
1137 1616 1292 1657 bellum
1337 1616 1500 1658 Parthis

164 1676 368 1724 illaturus,
404 1675 655 1729 Euphratem
689 1676 855 1716 fluvium
891 1677 1057 1725 transiit,
1079 1676 1291 1730 mestusque
1325 1678 1501 1730 proelio,

167 1735 206 1773 in
238 1750 320 1788 quo
351 1737 389 1775 ἃ
416 1734 524 1775 filius
547 1736 635 1789 ejus
671 1735 830 1782 cecidit,
856 1751 982 1791 quum
1007 1737 1193 1788 reliquias
1227 1732 1435 1775 exercitiis
1458 1735 1501 1774 in

125 1799 134 1810 “
164 1794 314 1833 collem
348 1794 569 1847 recepiffet,
607 1804 800 1835 evocatus
845 1798 883 1834 in
923 1796 1175 1848 colloquium
1209 1794 1259 1834 ab
1301 1793 1502 1841 hostibus,

167 1853 280 1892 velut
317 1853 368 1892 de
405 1868 504 1908 pace
533 1852 700 1902 affin-sis,
734 1868 913 1908 quorum
946 1856 1029 1895 dux
1052 1863 1138 1892 erat
1159 1853 1355 1905 Surenas,
1386 1867 1501 1893 com-

165 1910 402 1965 prehensus,
437 1914 494 1963 31,
540 1926 591 1952 ne
624 1912 723 1966 quid
760 1913 874 1954 vivus
907 1923 1130 1968 pateretur,
1162 1925 1399 1968 repugnans
1441 1910 1503 1951 in-

168 1969 367 2012 terfeems
381 1971 452 2012 est.

612 2136 855 2178 LIBRI
921 2137 1067 2178 CVII.

170 2246 232 2301 C·
267 2267 417 2316 caesar,
448 2266 629 2308 Treviris
661 2267 702 2307 in
740 2265 881 2307 Galim
912 2266 1046 2316 viffis,
1078 2266 1228 2309 iterum
1259 2267 1300 2308 in
1324 2268 1506 2310 Germa-

167 2322 279 2367 niam
295 2327 470 2368 transiit:
505 2328 702 2380 nulloque
725 2325 781 2366 ibi
802 2324 917 2365 hoste
931 2325 1116 2376 invento,
1134 2326 1316 2368 reversus
1337 2327 1378 2368 in
1404 2328 1506 2369 Gal-

166 2383 281 2436 liam,
314 2385 528 2426 Eburones
573 2388 613 2426 &
654 2384 751 2425 alias
786 2384 987 2435 civitates,
1034 2399 1127 2439 quae
1157 2386 1506 2440 conspiraverant,

165 2443 279 2492 vicit,
315 2447 353 2485 &
380 2443 663 2498 Ambiorigem
695 2443 736 2483 in
758 2442 862 2499 fug&
881 2443 1116 2498 persecutus
1137 2443 1209 2484 est.
1271 2446 1315 2485 Ρ.
1350 2444 1505 2497 Clodii,

163 2517 190 2543 a
210 2503 265 2543 T.
301 2504 441 2544 Annio
464 2503 639 2551 Milone,
670 2503 890 2543 candidato
922 2500 1173 2551 consulatus,
1208 2501 1346 2557 Appia
1367 2504 1431 2546 vi&
1453 2508 1504 2546 ad

166 2562 348 2604 Bovillas
369 2562 506 2618 occili,
543 2574 693 2615 corpus
725 2560 839 2615 plebs
869 2560 911 2599 in
943 2561 1061 2602 curi&
1081 2561 1292 2604 cremavit.
1355 2564 1503 2617 Quum

166 2621 386 2662 seditiones
407 2622 513 2662 inter
548 2620 788 2661 candidatos
820 2619 1055 2660 consulatus
1079 2618 1323 2676 Hypsaeum,
1345 2621 1505 2678 Scipio-

165 2694 280 2730 nem,
313 2683 356 2722 &
382 2680 588 2723 Milonem
608 2679 752 2728 essent,
783 2679 856 2732 qui
877 2677 1001 2718 armis
1032 2691 1078 2718 ac
1100 2678 1140 2718 vi
1169 2680 1501 2730 contendebant3

164 2740 216 2782 ad
234 2739 566 2795 comprimendas
587 2753 654 2780 eas
677 2743 754 2781 Cn.
771 2736 997 2792 Pompeius
1014 2736 1173 2793 legatus
1197 2753 1219 2780 a
1241 2739 1385 2781 senatu
1404 2755 1505 2782 con-

757 2796 801 2837 U
835 2808 861 2840 2
1437 2801 1499 2841 sul

1642 272 1720 319 291
