1794 3121
668 207 1113 254 INDEX.

199 330 310 383 hissa
335 344 399 388 49.
423 334 462 374 in
487 334 713 375 Maurusios
729 334 849 390 fugit,

201 390 289 430 ibid.
313 394 396 447 ejus
418 394 466 432 ad
485 392 696 433 Romanos
714 394 847 448 legati,

195 449 381 503 prospera
396 464 488 490 cum
508 450 847 506 Carthaginienii

202 503 275 546 bus
344 508 486 562 proelia
561 520 845 559 memorantes,

202 566 337 604 xxvii.
351 573 389 614 4.
413 567 571 606 adeum
593 566 755 607 viciffim
788 567 845 606 se-

1531 221 1616 264 599

948 336 1132 376 cusai-um
1170 333 1289 390 spolia
1313 334 1492 377 Romam
1528 334 1599 374 de·

948 395 1079 442 vecta,
1101 408 1172 443 40.

885 452 1149 507 Syracusani
1142 465 1181 490 m
1206 448 1586 490 fidemclientelam-

947 523 1026 562 que
1067 507 1251 548 Marcelli
1292 506 1434 548 urbem
1482 506 1594 548 suam

948 567 1126 614 tradunt,
1149 565 1263 605 xxvi.
1288 580 1355 619 32.

201 632 316 664 natus
343 625 493 678 legatos
530 624 668 673 mittit,
690 625 773 665 ibid.
796 626 845 664 ad
890 624 980 682 Syrl
997 624 1104 664 haud
1126 623 1261 678 paullo
1299 620 1594 675 mancipiorum

198 694 294 719 eum
318 682 454 735 bcipio
495 683 669 736 navigat,
701 682 844 722 xxviii.

206 750 271 790 17.
288 741 430 779 eodem
453 739 562 779 ῐείὶο
583 740 739 793 recipit·
761 739 848 782 Sci-

197 795 360 849 pionem
396 799 435 838 &
475 797 755 846 Asdrubalem‚
785 803 846 840 18.

203 868 297 894 cum
336 869 383 895 eo
419 854 556 895 foedus
595 854 664 894 icit
694 855 847 910 Scipio,

198 913 285 952 ibid.
308 913 419 953 ducit
455 911 687 954 Asdrubalis
710 914 850 964 filiam,

200 970 318 1010 xxix.
352 984 414 1023 2-2.
461 970 635 1024 Scipioni
678 972 848 1013 amiciti-

200 1042 264 1067 am
295 1028 512 1077 renuntiat,
547 1028 632 1068 ibid.
656 1027 742 1085 ejus
779 1031 848 1070 ad-

948 682 1109 733 melius,
1142 694 1263 734 quam
1297 680 1485 729 militum,
1524 693 1595 734 ge-

948 754 1042 792 nus,
1065 753 1203 780 xxxv.
1227 753 1297 793 49.
1319 739 1428 777 leves
1450 711 1490 779 ’ὶὲ
1512 738 1592 776 ser-

947 799 1065 840 vituti
1087 800 1183 846 nati,
1211 795 1358 838 xxxvi,
1385 806 1451 847 17.
1491 794 1595 834 Gal-

945 858 994 898 lis
1035 856 1277 910 stipendium
1345 852 1592 907 pependere,

946 915 1115 957 xxxviii.
1143 915 1208 957 16.

888 973 1018 1030 Syrtis
1040 972 1188 1026 minor,
1213 970 1345 1022 xxix,
1361 980 1430 1024 33.
1448 966 1594 1013 xxxiv,

945 1033 1014 1075 62.

196 1085 331 1126 versus
381 1085 624 1125 Masinifl'am
680 1087 849 1138 bellum,

200 1155 345 1198 29-33.
381 1142 422 1182 in
458 1143 544 1197 ejus
576 1144 700 1185 castra
738 1144 850 1200 ignes

198 1201 419 1256 conjiciunt
435 1200 570 1254 Scipio
589 1204 624 1242 &
650 1203 852 1244 Mafiniffa

201 1272 322 1298 ΧΧΧ.
379 1273 414 1310 5-.
459 1259 625 1314 Syphax
664 1261 852 1302 adversus
1233 1257 1276 1300 T

202 1317 448 1358 Mafinifl'am
466 1320 505 1359 ἃ
547 1318 722 1358 Laelium
741 1320 853 1372 copi-

200 1391 242 1416 as
259 1375 409 1421 educit,
429 1392 436 1414 ι
456 1389 489 1416 1.
505 1376 677 1429 capitur,
693 1377 780 1416 ibid.
808 1377 850 1417 in

201 1434 327 1474 castra
346 1432 534 1474 Romana
546 1434 775 1486 adducitur,
794 1448 853 1489 13.

202 1493 290 1547 ejus
304 1492 432 1532 oratio
446 1493 495 1532 ad
511 1490 853 1546 Scipionemjbid.
898 1490 1044 1539 Tabae,
1076 1489 1172 1534 urbs
1211 1489 1384 1543 Pifidiae,
1424 1488 1604 1536 xxxviih,

203 1563 228 1588 a
244 1549 372 1590 Laelio
395 1549 436 1588 in
453 1549 610 1591 Italiam
626 1548 855 1600 abducitur,
960 1563 1023 1602 ¹3·

212 1620 277 1660 17.
294 1607 449 1648 Tibure
472 1607 657 1656 moritur,
689 1608 727 1647 δε
752 1607 855 1662 pub·
896 1605 1077 1647 Tabellae
1129 1607 1168 1647 δε
1218 1607 1346 1650 literae
1394 1608 1604 1663 laureatae,

203 1664 283 1705 lico
307 1664 448 1705 funere
464 1665 643 1714 effertur,
667 1675 734 1717 45.
957 1666 1038 1705 xlv.
1060 1677 1092 1703 1.

146 1720 629 1776 Sypheum‚ssruttiorun1
644 1723 854 1777 oppidum,
898 1721 1166 1771 Tabellarius,
1186 1721 1274 1762 ibid.
1296 1725 1334 1763 δε
1357 1722 1455 1763 xliv,
1473 1733 1542 1775 44.

204 1780 341 1821 deficit
357 1796 378 1821 a
399 1781 532 1822 Poenis
555 1782 604 1820 ad
628 1780 856 1832 Romanos,
898 1779 1101 1822 Tabernae
1143 1779 1289 1821 Romae
1318 1793 1340 1820 a
1377 1777 1606 1836 Tarquinio

205 1851 318 1877 ΧΧΧ.
347 1852 412 1890 ¹9·
942 1838 1078 1878 Prisco
1100 1851 1192 1892 rege
1214 1837 1349 1888 factae,
1369 1841 1392 1879 i.
1420 1853 1488 1894 35.

152 1896 354 1949 Syracufis
390 1896 477 1949 post
499 1905 672 1935 mortem
708 1895 856 1937 Hiero-
899 1896 937 1936 T
941 1897 1099 1935 abernae
1120 1897 1162 1934 in
1175 1896 1285 1949 gravi
1301 1897 1481 1950 periculo
1496 1900 1607 1940 clau·

210 1953 319 2008 nymi
351 1966 510 2007 magnae
555 1952 700 2004 turbae,
744 1954 855 1994 xxiv.
960 1953 1146 2008 dijnffae,
1179 1954 1232 1993 iii.
1259 1967 1325 2008 27.
1365 1955 1417 1995 iv.
1460 1970 1528 2011 31.
1562 1956 1606 1998 in

213 2023 358 2065 21-27.
399 2022 481 2065 pax
530 2024 623 2050 cum
664 2012 860 2052 Romanis
962 2012 1174 2060 luCtu,iX.
1195 2025 1229 2063 7.
1252 2011 1294 2052 in
1319 2026 1417 2067 pace
1439 2024 1607 2069 apertae,

211 2071 389 2114 decreta,
410 2068 504 2107 dein
522 2067 696 2116 turbata,
714 2074 857 2123 28-32.
955 2069 1007 2109 vi.
1034 2083 1099 2124 25¹.

210 2126 416 2181 Syracusae
445 2125 515 2165 sub
536 2125 854 2166 dominationem
901 2128 1099 2169 Tabernae
1113 2127 1344 2182 argentariae
1360 2127 1435 2168 fori
1453 2129 1608 2170 Romae

958 2186 1000 2224 ni
1035 2187 1262 2226 venduntur
1298 2185 1346 2225 ab
1389 2187 1611 2237 Annibale,

961 2244 1084 2284 castra
1136 2245 1185 2284 ad
1220 2243 1360 2283 urbem
1417 2244 1607 2295 habente,

211 2183 472 2238 Hippocratis
501 2185 540 2223 a&
583 2183 771 2238 Epicydis
795 2199 860 2226 ca-

211 2242 328 2290 dunt,
353 2254 422 2291 32.
443 2251 546 2280 terra
587 2241 768 2294 marique
789 2259 860 2297 op-

209 2310 443 2353 pugnantur
477 2314 498 2338 a
540 2299 753 2351 M1rce110
791 2317 858 2356 33.
969 2304 1078 2342 xxvi.
1107 2315 1172 2343 11.

213 2357 463 2396 Archimede
494 2357 751 2406 defendente,
789 2373 858 2413 34.
908 2360 1106 2400 Tabernae
1128 2360 1279 2413 septem
1304 2360 1446 2400 Romae
1468 2362 1608 2401 incen-

211 2414 512 2469 oppugnatione
545 2414 733 2454 abfistunt
778 2417 862 2458 Ro-
965 2419 1032 2457 dio
1052 2418 1306 2463 hauriuntur,
1329 2419 1446 2458 xxvi.
1465 2431 1529 2472 27.
1544 2422 1608 2460 γε’-

210 2473 334 2520 mani,
379 2473 419 2511 ἃ
455 2471 670 2511 obsidendo
725 2487 860 2515 arcent
964 2475 1170 2524 ficiuntur,
1195 2474 1325 2515 xxvii.
1352 2490 1416 2517 11.

213 2540 480 2579 commeatus,
521 2530 609 2569 ibid.
654 2533 860 2585 syracusa:
906 2534 1107 2576 Tabernae
1147 2547 1288 2573 omnes
1327 2549 1421 2575 cum
1471 2534 1611 2590 magni

213 2598 358 2642 eaptae,
392 2600 484 2628 xxv.
541 2600 700 2642 23.-31.
741 2591 862 2644 Syra·
965 2593 1078 2646 pretii
1108 2592 1307 2631 mercibus
1340 2592 1609 2648 conflagrave-

966 2659 1076 2700 runt,
1101 2661 1234 2690 xxxv.
1252 2664 1306 2706 40

1408 2707 1611 2750 Taberna
